2894 4812
306 391 369 455 290
547 385 781 449 AENEIDOS
810 385 958 450 LIBER
980 387 1042 450 xt.
1198 383 1286 451 *³9⁴-

303 525 485 612 Sauguine3
502 538 578 587 suut
591 521 656 587 illis
671 543 728 586 sua
742 522 872 600 funera,
887 525 1012 610 parque
1025 545 1087 610 per
1100 546 1214 590 omnes

300 669 484 749 Tempestas
498 685 506 723 e
526 682 584 724 cur
597 658 767 724 indecores
780 660 815 723 iu
829 659 940 724 limine
956 661 1064 747 primo

300 801 499 868 Deficimus?
514 822 573 864 cur
589 815 664 863 ante
680 801 791 863 tubam
805 815 929 864 tremor
946 815 1083 887 occupat
1097 803 1209 866 artus?

300 939 400 1004 Multa
415 939 501 1017 dies,
520 938 691 1024 variusque
706 939 800 1003 labor
813 940 977 1004 mutabilis
991 941 1052 1005 aeri

298 1080 423 1144 Retulit
438 1079 472 1142 in
488 1077 623 1144 melius:
642 1076 763 1140 multos
779 1076 905 1160 alterna
919 1078 1062 1144 revisens

298 1219 405 1296 Lusit,
424 1221 457 1281 et
472 1217 508 1280 iu
522 1216 627 1280 solido
643 1236 754 1281 rursus
770 1216 903 1305 fortuna
917 1217 1046 1282 locavit.

299 1357 372 1418 Nou
387 1352 450 1417 erit
462 1352 580 1416 auxilio
594 1351 689 1416 uobis
704 1353 847 1432 AEtolus,
864 1368 897 1418 et
912 1355 993 1443 Arpi
1006 1379 1014 1417 :

299 1492 341 1554 At
357 1493 517 1578 Messapus
533 1489 615 1564 erit,
634 1463 774 1576 Felisque
788 1492 995 1571 Tolumnius,
1013 1509 1045 1557 et
1059 1516 1142 1581 quos

298 1635 361 1696 Tot
374 1630 488 1718 populi
503 1630 619 1695 misere
635 1631 752 1709 duces3
770 1654 831 1696 nec
848 1631 938 1697 tarde
952 1649 1107 1720 sequetur

298 1768 412 1835 Gloria
426 1768 570 1834 delectos
585 1771 675 1834 Latio
691 1785 724 1834 et
739 1770 952 1836 Laurentibus
966 1771 1063 1857 agris.

296 1910 352 1970 Est
366 1921 399 1970 et
414 1907 606 1972 Volscorum
622 1909 752 1996 egregia
768 1909 921 1995 degente
937 1909 1090 1987 Camilla,

296 2043 421 2132 Agmen
435 2067 533 2132 agens
548 2049 694 2134 equitum
710 2065 744 2114 et
758 2049 911 2116 florentes
927 2074 990 2115 esre
1005 2066 1161 2116 catervas.

291 3553 390 3640 Quod
404 3553 431 3619 si
446 3577 498 3618 me
513 3554 617 3640 solum
630 3549 746 3620 Teucri
760 3551 794 3618 in
811 3549 985 3621 certamina
1000 3566 1160 3640 poscunt,

288 3692 390 3780 quue
405 3691 529 3779 placet,
544 3707 738 3781 tantumque
753 3694 848 3759 bouis
864 3691 1091 3758 communibus
1105 3693 1217 3767 obsto;

288 3832 362 3894 Non
376 3829 458 3894 adeo
472 3828 528 3892 has
542 3835 636 3895 etiosa
652 3855 766 3896 manus
782 3832 917 3898 victoria
930 3831 1030 3919 fugit,

287 3974 331 4038 Ut
345 3984 434 4034 tanta
450 3949 626 4056 quidquam
641 3994 702 4057 pro
719 3943 777 4059 spe
793 3979 919 4038 tentare
936 3994 1094 4036 recusem.
1124 4059 1128 4066 1
