2952 4812
297 397 360 460 408
520 397 753 460 AENEIDOS
784 397 926 458 LIBER
959 397 1039 470 xll.
1177 395 1274 446 ¹·680·

297 536 441 622 Amplius
455 535 583 611 thone,
601 557 679 612 oro,
695 534 825 598 sinemo
836 534 942 600 furere
958 550 1034 598 ante
1047 535 1202 601 furorem.
1224 567 1238 595 s

341 671 447 749 Dixit,
465 685 498 734 et
513 693 530 733 e
544 691 641 734 curru
655 668 769 732 saltum
785 669 874 734 dedit
889 668 977 734 o'eius
992 671 1096 735 arvis:

299 818 426 897 Perque
442 809 564 886 hostes,
579 830 638 895 per
652 807 715 898 tela
727 809 811 884 ruit,
831 825 1040 896 moestamque
1057 830 1204 874 sororem

300 943 447 1026 Deserit,
464 970 500 1011 ac
515 947 627 1033 rapido
643 968 737 1010 cursu
754 946 857 1010 media
871 946 997 1032 agmina
1013 947 1147 1036 rumpit.

299 1091 346 1151 Ac
357 1085 457 1151 veluti
468 1087 587 1150 montis
599 1105 707 1148 saxum
717 1083 759 1147 de
770 1085 891 1148 vertice
902 1107 1044 1172 praeceps

306 1229 414 1308 Quum
425 1225 490 1288 ruit
500 1224 647 1288 avulsum
660 1239 780 1301 vento,
797 1245 853 1286 seu
867 1201 1015 1288 turbidus
1025 1225 1131 1289 imber

302 1361 447 1438 Proluit,
460 1375 515 1422 aut
528 1360 619 1422 annis
630 1359 727 1424 solvit
741 1358 889 1445 sublapsa
902 1375 1041 1424 vetustas
1053 1387 1061 1437 3

304 1505 421 1564 Fertur
431 1501 464 1564 in
476 1501 649 1586 abruptum
662 1521 778 1585 magno
790 1522 882 1564 mous
895 1485 1063 1587 improbus
1074 1518 1166 1580 actu,

304 1636 512 1721 Exsultatque
525 1634 612 1713 s010,
630 1634 722 1700 silvas
733 1682 741 1706 ,
754 1650 917 1713 armenta,
933 1637 1083 1722 virosque

307 1771 478 1836 Involvens
491 1795 597 1836 secum
612 1796 620 1835 z
639 1772 769 1856 disjecta
783 1793 843 1858 per
856 1774 982 1858 agmina
997 1744 1124 1840 Turnus

306 1910 359 1975 Sic
370 1909 460 1974 urbis
473 1910 538 1973 ruit
551 1909 589 1972 ad
601 1907 728 1988 muros,
743 1910 799 1973 ubi
810 1910 947 1996 plurima
958 1911 1029 1974 fuso

306 2047 466 2132 Sanguine
477 2061 564 2110 terra
578 2047 705 2123 madet,
723 2045 928 2132 striduntque
943 2046 1109 2112 hastilibus
1124 2072 1223 2127 aurae3

307 2181 536 2269 significatque
547 2205 662 2259 manu,
679 2198 712 2244 et
725 2204 842 2268 magno
855 2182 948 2246 simul
964 2183 1078 2271 incipit
1089 2155 1144 2248 ore
1157 2209 1165 2245 ε

309 2346 323 2374 «ι
339 2320 463 2382 Parcite
475 2323 564 2404 jam,
581 2321 708 2397 Rutuli3
727 2336 759 2384 et
774 2343 850 2398 vos,
867 2322 930 2385 tela
943 2321 1080 2388 inhibite
1088 2369 1098 2400 ,
1114 2322 1237 2386 Latini:

310 2458 527 2543 Quaecumque
539 2473 587 2522 est
601 2459 746 2536 fortuna,
764 2481 835 2522 mea
850 2474 914 2536 est;
934 2483 984 2523 me
1000 2460 1109 2524 verius
1122 2483 1223 2525 unum

309 2599 374 2658 Pro
387 2595 479 2660 vobis
490 2595 593 2659 foedus
606 2595 714 2672 luere,
730 2609 762 2659 et
777 2594 951 2662 decernere
960 2596 1060 2662 ferro.
1078 2626 1093 2656 a

309 2807 488 2870 Discessere
496 2821 612 2870 'omnes
624 2807 739 2886 medii,
758 2809 958 2895 spatiumque
970 2811 1099 2876 dedere.

309 2950 351 3009 At
361 2959 454 3031 pater
467 2946 600 3021 AEneas,
617 2943 726 3007 audito
741 2945 873 3008 nomine
884 2948 1011 3024 Turni,
1078 2947 1082 2956 '

312 3082 440 3148 Deserit
453 3097 486 3146 et
500 3103 625 3158 muros,
643 3097 676 3144 et
689 3104 825 3145 summas
840 3083 959 3145 deserit
973 3104 1060 3148 arces
1073 3109 1080 3160 3

314 3219 561 3305 Praecipitetque
574 3241 680 3282 moras
692 3240 821 3296 omne-S,
839 3242 938 3305 opera
952 3220 1060 3284 omnia
1072 3223 1196 3308 rumpit
1207 3250 1215 3298 ;

249 3441 253 3452 ῃ
312 3359 433 3422 Laetitia
444 3359 621 3436 exsultans3
639 3359 901 3446 horrendumque
914 3360 1175 3454 intonatur-mis:

310 3500 457 3577 Quantus
472 3496 588 3572 Athos,
606 3513 661 3560 aut
675 3513 812 3584 quantus
827 3501 931 3585 Eryx,
945 3515 1000 3563 aut
1014 3501 1101 3586 ipse,
1119 3502 1262 3565 coruscis

312 3638 420 3715 Quum
434 3631 542 3694 fremit
551 3633 694 3709 ilicibus,
714 3649 870 3719 quantus,
888 3635 1067 3722 gaudetque
1081 3636 1181 3700 nivali

309 3772 438 3836 Vertice
449 3792 482 3834 se
493 3770 642 3836 attollens
653 3790 746 3860 pater
758 3774 946 3860 Apenninus
956 3775 996 3838 ed
1011 3796 1112 3838 auras.

225 3967 229 3973 ,
308 3908 380 3967 lam
395 3926 472 3968 vero
486 3920 519 3968 et
536 3906 645 3970 Rutuli
661 3908 826 3988 certatim,
844 3925 877 3973 et
891 3914 1007 3986 Troes,
1026 3924 1059 3972 et
1070 3931 1185 3973 omnes

311 4039 510 4102 Convertere
524 4039 632 4102 oculos
649 4043 736 4121 Itali,
751 4035 873 4130 quique
884 4045 947 4108 alta
961 4045 1116 4109 tenebant
1138 4111 1141 4118 ,
