2952 4812
311 383 374 444 402
535 381 765 442 AENElDOS
797 381 941 442 LIBER
970 381 1052 442 Xll.
1192 381 1291 432 v·⁶1³.

309 514 504 584 Dardanium
515 516 650 592 AEnean,
664 536 882 600 generumque
892 515 1062 580 adsciverit
1072 516 1196 604 ultro.)

349 959 475 1020 Interea
488 971 632 1021 extremo
644 957 782 1022 bellator
793 957 827 1020 in
840 979 969 1044 aequore
980 965 1107 1026 Tamus

305 1093 453 1158 Palantes
463 1093 607 1178 sequitur
618 1113 751 1178 paucos,
761 1095 826 1176 jam
840 1095 981 1180 segnior,
995 1113 1092 1182 atque

302 1235 373 1294 dam
385 1232 597 1317 minus'atque
609 1233 713 1296 miuus
725 1255 870 1297 successu
882 1235 970 1300 laetus
983 1261 1152 1322 equorum.

303 1369 419 1432 Attulit
435 1368 521 1433 huuc
535 1368 583 1431 illi
598 1369 686 1434 caecis
702 1371 881 1435 terroribus
897 1396 973 1436 aura

304 1511 518 1575 Commixtum
530 1511 719 1587 clamorem,
734 1529 936 1597 arrectasque
947 1516 1075 1602 impulit
1085 1541 1178 1584 aures

302 1644 449 1708 Coususae
463 1668 560 1722 sonus
575 1649 682 1726 urbis,
698 1663 731 1712 et
745 1649 906 1713 illaetabile
923 1673 1080 1717 murmur.

302 1808 316 1838 α
332 1781 391 1844 Hei
402 1781 497 1845 milri!
513 1783 590 1869 quid
603 1799 692 1848 tanto
704 1786 878 1849 turbantur
890 1790 1006 1852 moeuia
1020 1790 1111 1856 luctu
1121 1788 1147 1852 '2¹'

191 1949 197 1960 ·
301 1919 421 2001 Quisve
432 1921 498 1983 ruit
509 1937 616 1986 tantus
626 1922 750 1987 diversa
762 1925 882 1988 clamor
894 1927 934 1989 ab
948 1929 1050 1991 urbe?
1066 1959 1080 1986 a

300 2059 352 2122 Sic
366 2061 428 2136 ait,
445 2061 651 2150 adductisque
667 2087 776 2130 amens
792 2068 934 2132 subsistit
949 2070 1092 2134 habenis.

299 2201 405 2284 Atque
416 2198 506 2278 huic,
517 2199 674 2264 infaciem
685 2225 779 2266 soror
791 2220 828 2267 ut
839 2227 992 2271 conversa
1006 2211 1126 2274 Metisci

299 2335 426 2421 Aurigae
438 2357 632 2423 currumque
644 2353 676 2402 et
691 2361 790 2425 equos
803 2359 835 2405 et
846 2343 915 2407 lora
930 2349 1080 2432 regebat,
1095 2385 1098 2390 ·

298 2469 426 2534 Talibus
436 2475 578 2536 occurrit
588 2474 700 2539 dictis:
717 2503 731 2532 (ι
746 2478 828 2554 Hac,
842 2483 965 2559 Turne,
979 2506 1149 2568 sequamur

298 2613 510 2696 Trojugeuas,
524 2636 586 2700 qua
598 2616 700 2700 prima
714 2617 798 2680 riam
810 2619 944 2684 victoria
955 2583 1087 2708 pandit3
1184 2603 1187 2608 Ι

299 2749 382 2812 Sunt
392 2749 445 2813 alii
455 2750 511 2834 qui
523 2765 606 2814 tecta
617 2775 713 2816 mauu
725 2755 898 2834 defendere
912 2761 1047 2844 possint.

297 2887 423 2972 Ingruit
436 2889 550 2952 AEneas
563 2889 667 2966 ltalis,
685 2906 718 2953 et
734 2894 843 2978 praelia
860 2899 990 2962 miscet:
1048 2915 1050 2922 ’

298 3026 339 3087 Et
352 3047 412 3088 nos
426 3046 505 3088 soeva
519 3047 616 3088 manu
628 3029 792 3094 mittamus
806 3033 921 3098 funera
936 3042 1078 3112 Teucris.

297 3164 362 3226 Nec
376 3185 512 3228 numero
526 3163 673 3242 inferior,
692 3190 809 3254 pugnae
823 3194 885 3236 nec
900 3159 1043 3254 honore,
1059 3184 1203 3248 recedes.
1222 3181 1238 3244 l

297 3301 424 3364 Turnus
439 3301 479 3364 ad
494 3301 581 3365 haec:

300 3463 314 3493 α
331 3440 361 3500 0
374 3460 478 3517 soror,
493 3458 526 3505 et
540 3442 662 3530 dudum
677 3451 814 3532 agnovi,
832 3463 932 3537 quum
947 3455 1049 3540 prima
1060 3481 1120 3544 per
1135 3477 1242 3526 artem

297 3572 428 3637 Foedera
445 3577 599 3657 turbasti,
619 3597 715 3669 teque
728 3586 794 3651 haec
809 3590 843 3653 in
859 3591 943 3656 bella
959 3594 1098 3660 dedisti:

295 3712 336 3772 Et
350 3733 438 3776 nunc
451 3713 670 3803 nequidquam
685 3723 786 3804 fallis,
803 3727 873 3791 dea.
894 3733 958 3796 Sed
973 3734 1043 3818 quis
1056 3735 1202 3822 Olympo

294 3847 471 3912 Demissam
488 3865 595 3916 tantos
611 3860 715 3924 voluit
727 3877 759 3926 te
776 3864 861 3929 ferre
877 3867 1028 3934 labores?

294 3991 345 4050 An
356 3987 465 4052 fratria
476 3992 582 4054 miseri
596 3993 697 4062 letum
710 4016 745 4064 ut
757 4003 887 4068 crudele
899 4006 1043 4072 rideres?
