2952 4812
318 368 379 428 398
546 365 775 428 AENEIDOS
804 365 950 427 LIBER
976 365 1060 426 Xll.
1203 366 1304 429 v·⁵⁷2·

317 506 385 566 Hoc
400 517 513 588 caput,
530 503 667 582 coires,
685 502 752 568 baec
763 501 842 566 belli
855 523 976 568 summa
992 501 1134 596 nefandi.

313 645 409 734 ¹Ferte
422 642 505 706 faces
520 663 679 728 propere,
694 641 861 727 foedusque
876 643 1036 728 reposcite
1053 641 1201 706 flammis.
1219 671 1234 700 s

359 1155 506 1216 Dixerat:
521 1167 617 1238 atque
633 1151 745 1216 animis
758 1153 880 1238 pariter
892 1153 1090 1217 certantibus
1102 1177 1214 1217 omnes

314 1299 400 1358 Dant
414 1313 571 1370 cuneum,
587 1289 750 1376 densaque
764 1289 805 1353 ad
820 1314 930 1356 muros
941 1292 1026 1356 mole
1041 1292 1203 1356 feruntur.

314 1433 413 1499 Scalae
428 1431 622 1518 improviso,
641 1431 829 1516 subitusque
843 1432 991 1517 apparuit
1005 1431 1154 1562 iguis.

314 1576 509 1636 Discurrunt
521 1569 574 1632 alii
586 1568 626 1631 ad
638 1583 749 1654 portas
761 1616 769 1646 ,
783 1569 969 1654 primosque
982 1569 1163 1644 trucidant3

314 1671 447 1774 Ferrum
463 1707 516 1770 alii
530 1721 705 1798 torquent,
723 1721 756 1769 et
771 1707 970 1770 obumbrant
983 1707 1102 1771 aethera
1115 1709 1197 1772 telis.

218 1874 221 1879 ·
284 1899 286 1906 .
315 1849 386 1932 lpse
403 1846 491 1908 inter
502 1845 626 1931 primos
643 1842 788 1908 dextram
802 1845 861 1908 sub
877 1844 994 1907 moenia
1011 1844 1116 1907 tendit

314 1989 444 2060 AEneas‚
461 2004 639 2068 magnaque
655 1982 780 2049 incusat
794 2005 874 2046 voce
887 1983 1054 2060 Latinum:

313 2127 524 2206 Testaturque
536 2120 613 2184 deos
626 2120 743 2184 iterum
755 2139 788 2181 se
800 2119 840 2181 ad
851 2119 962 2204 praelia
974 2121 1065 2205 cogi,
1102 2155 1105 2164 .

265 2221 268 2228 -
314 2256 366 2318 Bis
379 2259 445 2339 jam
461 2222 559 2321 Italos
572 2257 696 2334 hostes,
714 2231 781 2319 baec
797 2257 898 2320 altera
909 2257 1032 2322 foedera
1047 2261 1161 2346 rumpi.

313 2393 465 2457 Exoritur
478 2393 621 2482 trepidos
637 2395 723 2458 inter
738 2394 899 2461 discordia
911 2398 1013 2462 cives:

314 2533 435 2596 Urbem
450 2532 503 2595 alii
517 2521 661 2598 reserare
672 2536 808 2619 jubent,
826 2551 860 2599 et
875 2535 1018 2622 pandere
1033 2553 1143 2626 portas

314 2670 522 2750 Dardanidis,
535 2671 704 2757 ipsumque
717 2671 851 2737 trabunt
861 2673 896 2738 in
907 2673 1024 2738 moenia
1036 2695 1159 2761 regem·

315 2809 409 2870 Arma
421 2808 530 2872 ferunt
541 2807 593 2871 alii
601 2855 610 2885 ,
626 2824 659 2871 et
670 2827 814 2895 pergunt
824 2811 997 2898 defendere
1008 2835 1129 2876 muros.

315 3584 454 3648 Inclusas
470 3597 506 3649 ut
521 3605 621 3668 quum
635 3585 798 3652 latebroso
811 3590 845 3653 in
860 3592 988 3676 pumice
1002 3609 1112 3680 pastor
1154 3653 1159 3658 .

316 3722 492 3820 vestigavit
505 3743 597 3807 apes,
613 3724 767 3809 fumoque
783 3705 930 3812 implevit
944 3750 1076 3806 amaros

315 3857 380 3922 lttae
395 3859 500 3935 intus,
518 3860 651 3946 trepidae
668 3869 798 3942 rerum,
817 3889 877 3955 per
893 3889 985 3932 cerea
1001 3886 1103 3952 castra

316 3997 527 4074 Discurrunt,
542 4002 727 4086 magnisque
740 4021 860 4070 acuunt
871 4005 1063 4072 stridoribus
1074 4009 1140 4075 iras
