2872 4816
287 383 347 444 104
526 383 757 444 ultumos
785 353 932 445 maun
959 386 1018 445 tx.
1173 379 1264 428 „aa

284 522 402 587 Exitio.
418 521 541 587 Passim
554 541 668 584 somno
684 519 825 605 vinoque
839 540 899 606 per
913 519 1047 584 herbam

286 664 434 750 Corpora
448 662 517 725 susa
532 661 662 737 vident3
675 675 819 724 arrectos
831 660 944 725 littore
959 681 1091 740 currus,

285 806 377 865 Inter
389 801 459 864 lora
475 813 628 887 rotasque
642 799 749 878 viros3
767 798 862 864 simul
876 821 964 862 arma
973 798 1100 882 jacere,

287 939 368 1000 Vina
381 937 487 1000 simul.
505 936 602 1000 Prior
617 937 806 1022 Hyrtacides
823 937 869 1000 sic
883 959 940 1001 ore
956 936 1101 1001 locutus:

292 1105 306 1135 a
325 1074 481 1161 Euryale,
498 1073 681 1142 audendum
696 1072 829 1137 dextra:
846 1095 935 1138 nuuc
950 1074 1018 1160 ipsa
1032 1088 1126 1138 vocat
1139 1095 1203 1139 res.

289 1223 356 1281 Hac
368 1217 513 1279 iter'est:
527 1228 582 1291 tu,
599 1235 642 1276 ue
656 1233 847 1298 quantenus
862 1233 896 1274 se
909 1211 1059 1276 attollere
1074 1211 1169 1277 nobis

290 1362 318 1420 Α
332 1371 425 1441 tergo
440 1351 559 1440 possit,
577 1351 722 1429 custodi,
740 1365 772 1414 et
786 1349 917 1414 consule
932 1351 1042 1438 longe.

292 1495 366 1556 lloec
382 1515 443 1578 ego
461 1507 546 1555 vasta
561 1489 665 1567 dabo,
680 1505 712 1553 et
727 1490 792 1553 lato
810 1504 843 1552 te
857 1489 959 1552 limite
974 1488 1129 1553 ducam.»

340 1963 392 2035 sie
403 1987 576 2048 memorat,
590 1989 768 2056 vocemque
781 1971 921 2058 premit:
938 1968 1033 2036 simul
1043 1994 1119 2037 cnse
1133 1972 1305 2060 superbum

295 2110 508 2174 Rhamnete·
523 2109 721 2196 aggreditur,
739 2109 797 2196 qui
810 2109 895 2175 sorte
909 2111 1071 2197 tapetibus
1085 2111 1157 2176 altis

298 2221 486 2311 Exstructus
501 2260 572 2312 toto
585 2247 745 2334 prollabat
760 2263 895 2334 pectore
909 2240 1057 2313 somnum
1069 2275 1078 2326 ;

297 2391 365 2449 Rex
377 2385 479 2465 idem,
496 2400 529 2452 et
542 2388 612 2475 regi
625 2391 736 2452 Turno
751 2387 947 2475 gratissimus
960 2407 1078 2474 augum

298 2523 363 2587 Sed
375 2545 444 2588 nou
459 2525 594 2611 augurio
608 2525 717 2612 potuit
732 2524 896 2611 depellere
910 2537 1045 2611 pestem.

298 3069 376 3127 Tres
385 3065 478 3146 juxta
493 3062 629 3127 famulos
645 3079 765 3127 temere
780 3065 868 3128 inter
884 3053 949 3128 tela
959 3063 1119 3150 jacentes,

300 3198 570 3285 Armigerumque
581 3200 674 3264 Remi
685 3201 823 3288 premit,
836 3202 1044 3290 aurigamque
1055 3203 1115 3266 sub
1128 3201 1204 3288 ipsis

301 3339 418 3398 Nactus
432 3337 542 3422 equis,
559 3336 713 3424 ferroque
727 3353 815 3404 secat
829 3338 1004 3426 pendentia
1018 3339 1113 3405 colla⁶

300 3477 380 3536 Tum
396 3489 492 3560 caput
503 3475 566 3561 ipsi
576 3475 681 3540 aufert
691 3474 841 3556 domino,
854 3493 1072 3565 truncumque
1082 3478 1240 3564 relinquit

303 3612 465 3696 Sanguine
480 3612 728 3697 singultantem:
744 3608 817 3680 atro
831 3616 989 3703 tepefacta
1002 3638 1120 3680 cruore

301 3752 399 3810 Terra
411 3748 540 3833 torique
551 3751 693 3815 madent.
708 3757 841 3818 Necnon
854 3758 1108 3841 Lamyrumque,
1120 3758 1323 3840 Lamumque,

303 3889 343 3947 Et
355 3888 509 3969 juvenem
527 3891 719 3970 Sarranum,
732 3892 787 3956 illa
803 3894 860 3978 qui
874 3895 1012 3981 plurima
1027 3907 1125 3960 nocte

305 4030 452 4103 Luserat,
468 4027 601 4112 insignis
613 4029 707 4107 facie,
725 4029 892 4116 multoque
902 4031 1029 4116 jacebat
