2872 4816
306 414 366 475 130
545 399 772 472 nnnrnos
800 410 947 470 monn
977 411 1038 470 1x.
1195 407 1279 454 nna.

302 548 439 635 Insignis
452 547 551 623 facie,
568 546 697 632 genitor
709 511 810 631 quoni
822 546 952 612 miserat
966 547 1106 624 Arcens,

302 687 459 751 Eductum
477 671 591 748 Mati-io¹
602 682 693 761 luco,
712 682 883 768 Symaethin
900 683 1021 748 circum

302 821 464 897 Flumina,
480 819 609 906 pinguis
623 819 679 883 ubi
693 834 726 882 et
740 817 904 904 placabilis
919 842 974 883 ara
988 819 1088 883 Palici
1103 845 1110 881 :

301 955 499 1022 Stridentem
512 955 664 1034 fundam,
681 955 795 1043 positis
809 957 985 1022 Mezentius
998 955 1112 1030 hastis,

299 1099 371 1182 lpse
385 1111 436 1161 ten
451 1095 587 1160 adducta
604 1097 725 1161 circum
741 1111 837 1183 caput
851 1097 918 1182 egit
932 1095 1075 1174 habena,
1109 1163 1114 1174 ,
1223 1163 1227 1176 ,

302 1237 342 1297 Et
355 1233 460 1297 media
475 1233 599 1298 adversi
614 1233 787 1320 liquefacto
805 1234 950 1321 tempora
966 1233 1102 1320 plumbo

300 1372 442 1450 Diffidit,
462 1394 498 1436 ec
513 1371 612 1435 multa
629 1387 815 1457 porrectum
832 1362 977 1435 extendit
992 1393 1100 1435 arona.

347 2412 427 2476 Tum
443 2411 584 2500 primum
599 2413 686 2476 bello
703 2412 841 2478 celerem
855 2415 1030 2480 intendisse
1046 2413 1199 2501 sagittans

302 2549 442 2630 Dicitur',
460 2568 534 2616 ante
549 2552 632 2617 feras
647 2553 761 2616 solitus
775 2566 900 2652 temere
915 2552 1062 2640 fugaces,

303 2695 473 2771 Ascanius,
490 2693 672 2778 fortemque
687 2713 785 2756 manu
799 2690 916 2756 fudisse
931 2687 1129 2767 Numanum,

306 2830 367 2894 Cui
381 2829 518 2895 Remulo
534 2850 716 2916 cognomen
732 2843 819 2907 erat,
838 2828 1003 2913 Turnique
1012 2827 1178 2892 minorem

305 2969 517 3042 Germanam,
533 2986 640 3051 nuper
653 2962 794 3062 thalamo
809 2963 962 3040 sociatus,
978 2961 1130 3026 habebat.
1183 2921 1190 2936 ι

304 3109 335 3168 ls
350 3105 485 3191 primam
500 3117 574 3165 ante
589 3101 690 3165 aciem
698 3146 708 3178 ‚
724 3099 822 3186 digna
835 3116 932 3186 atque
945 3100 1081 3189 indigna
1094 3099 1198 3164 relatu
1264 3169 1266 3174 ,

304 3240 510 3317 vociferans,
533 3236 737 3322 tumidusque
750 3258 837 3302 novo
852 3238 1030 3324 praeoordia'
1043 3259 1165 3324 regno,

304 3379 391 3457 Ibat,
409 3393 442 3442 et
454 3378 620 3462 ingentem
634 3396 668 3438 se
683 3373 824 3438 clamore
836 3374 983 3450 ferebat:

262 3595 265 3601 Ι
306 3543 321 3575 α
336 3519 410 3580 Non
425 3511 710 3602 pudet'ohsidione
722 3513 841 3578 iterum
855 3511 1004 3598 valloque
1019 3511 1142 3587 teneri,

303 3654 357 3718 Bis
372 3653 457 3741 capti
472 3652 634 3740 Phryges,
652 3668 684 3716 et
700 3653 795 3716 Marti
808 3651 1010 3738 praetendere
1024 3629 1158 3715 muros?

304 3795 352 3853 En
368 3790 425 3877 qui
440 3803 551 3853 nostra
567 3790 627 3853 sibi
640 3790 728 3855 hello
744 3791 908 3876 connubia
922 3793 1080 3878 poscunt!

305 3932 385 4026 Qnis
400 3930 478 3993 deus
490 3903 635 4007 ltaliam,
654 3951 725 4016 quae
739 3950 797 3994 vos
812 3928 975 3994 dementia
988 3926 1119 4014 adegit?

304 4074 377 4132 Non
392 4069 445 4131 hie
460 4066 599 4145 Atridae,
617 4090 679 4134 neo
693 4065 780 4132 fandi
797 4065 892 4132 fictor
906 4065 1044 4152 Ulysses.
