2872 4816
302 416 361 475 116
523 410 756 472 AENEIDOS
790 411 933 471 LIBER
967 411 1047 470 lx:
1189 418 1276 466 utta.

298 548 521 623 Fulmineum
535 517 640 610 donee
655 533 768 614 Rutuli
778 547 943 611 clamantis
951 547 988 610 in
999 569 1057 611 ore

299 682 455 748 Condidit
469 682 623 760 adverso,
639 697 673 745 et
687 683 830 747 moriens
844 683 982 745 animam
996 683 1130 747 abstulit
1140 683 1235 748 hosti.

297 824 377 884 Tum
392 782 764 906 super'exanimum‘sase
775 801 1052 918 projieitamieum
1112 785 1115 790 v

300 957 490 1034 Confessus,
504 955 694 1042 placidaque
709 956 755 1018 ibi
769 955 898 1019 demum
912 970 1018 1018 morte
1029 954 1163 1042 quievit.

342 1249 509 1316 Fortunati
523 1249 639 1326 ambo,
653 1248 680 1310 si
695 1246 773 1334 quid
783 1269 854 1311 mea
870 1231 1013 1310 carmina
1022 1257 1175 1334 possunt,

298 1385 391 1449 Nulla
402 1369 470 1450 dies
481 1406 624 1471 unquam
638 1382 774 1447 memori
782 1367 849 1445 'vos'
858 1382 975 1478 eximet
986 1406 1054 1448 aevo
1066 1432 1074 1462 ,
1166 1369 1170 1375 ⁵

298 1527 383 1586 Dum
395 1522 509 1587 domus
523 1526 629 1586 AEneae
640 1519 780 1607 Capitoli
789 1520 958 1585 immobile
969 1509 1077 1586 saxum

299 1659 450 1737 Accolet,
463 1659 697 1745 imperiumque
709 1672 801 1742 pater
811 1662 976 1722 Romanus
991 1659 1135 1728 habebit.

343 1936 490 2001 Victores
501 1935 609 2022 praeda
621 1933 733 1998 Rutuli
748 1929 921 2020 spoliisque
932 1913 1029 2020 potiti
1089 1919 1092 1926 ¹
1122 1917 1125 1924 Α

300 2073 505 2137 Volscentem
517 2071 698 2166 omonimum
709 2071 823 2135 flentes
830 2072 865 2134 in
877 2086 981 2164 castra
992 2049 1150 2136 ferebant.

301 2217 366 2276 Nee
377 2213 485 2275 minor
500 2210 656 2278 incastris
669 2209 791 2289 luctus,
805 2210 984 2274 Rhamnete
999 2227 1131 2300 reperto

301 2350 474 2436 Exsangui,
489 2365 522 2413 et
533 2349 645 2436 primis
656 2370 720 2413 una
731 2362 781 2412 tot
793 2347 878 2412 cede
890 2352 1083 2437 peremptis,

303 2492 527 2574 Serranoque,
542 2491 724 2574 Numaque3
737 2489 853 2575 ingens
863 2489 1089 2554 coneursus'ad
1100 2489 1167 2577 ipsa

303 2626 470 2712 Corpora,
485 2623 723 2711 seminecesque
738 2625 825 2689 viros
833 2672 842 2704 ,
859 2626 1031 2713 tepidaque
1043 2607 1206 2695 recentem

269 2775 274 2788 '
303 2764 397 2844 Caede
408 2763 534 2841 locum,
549 2778 582 2826 et
596 2762 696 2848 pleno
707 2778 891 2849 spumantes
906 2764 1061 2850 sanguine
1075 2747 1172 2830 rivos.

301 2906 494 2989 Agnoscunt
500 2901 602 2988 spolia
612 2902 699 2964 inter
710 2918 760 2980 se',
774 2902 961 2988 galeamque
972 2904 1132 2970 nitentem

301 3041 454 3127 Messapi,
468 3055 501 3102 et
516 3038 618 3102 multo
630 3039 779 3125 phaleras
791 3039 909 3104 sudore
920 3057 1078 3130 receptas.

343 3483 384 3552 Et
392 3483 459 3564 jam
470 3480 576 3567 prima
585 3500 676 3542 novo
688 3477 859 3563 spargebat
873 3475 995 3542 lumine
1007 3473 1110 3542 terris

298 3615 430 3680 Tithoni
442 3637 593 3679 croceum
604 3614 755 3699 linquens
767 3615 891 3676 Aurora
905 3611 1029 3690 cubile;

297 3758 368 3815 Jam
383 3752 450 3816 sole
461 3751 567 3815 infuso
576 3756 663 3836 ,jam
676 3731 773 3817 rebus
785 3752 856 3816 luce
870 3753 1019 3832 retectis,

297 3895 423 3954 Turnus
434 3890 468 3952 in
479 3912 566 3953 arma
578 3892 682 3971 viros,
696 3894 792 3956 armis
803 3892 1017 3957 circumdatus
1027 3892 1113 3979 ipse,

291 4030 453 4108 ,Suscitat,
466 4044 640 4116 aeratasque
653 4013 735 4098 acies
745 4033 780 4096 in
790 4031 899 4118 prelia
912 4030 1017 4118 cogit3
