2894 4812
331 325 392 424 aaa
569 364 794 426 nnsrnos
821 365 965 425 arnan
994 367 1055 426 x1.
1215 368 1303 413 „aa

329 502 441 578 Haesit,
458 503 533 564 etin
545 501 704 565 decimum
716 503 847 588 vestigia
858 503 970 566 retulit
981 525 1114 566 anuum.
1134 495 1137 502 ¹

330 639 433 701 Ambo
445 638 573 715 animis,
587 639 682 702 ambo
694 629 833 724 insignes
846 639 1071 726 praestantibus
1082 641 1197 704 annis:

330 775 389 838 Hic
403 775 522 861 pietate
536 775 638 862 prior.
656 776 780 839 Coeant
794 777 828 839 in
843 776 962 840 ioedera
977 777 1117 856 dextrae,

330 913 401 993 Qua
412 910 522 974 datur:
537 927 584 975 ast
595 911 690 976 armis
702 906 897 978 concurrant
908 935 995 978 arma
1006 927 1127 986 cavete.
1144 942 1158 972 ι

374 1907 389 1936 a
402 1881 441 1941 Et
455 1899 606 1965 responsa
618 1879 711 1942 simul
723 1903 793 1964 qnae
805 1881 883 1958 sint,
898 1903 955 1944 rex
966 1882 1106 1967 optime,
1123 1885 1208 1970 regis

326 2015 470 2093 Audisti,
488 2029 520 2078 et
536 2038 607 2100 quae
622 2017 662 2079 sit
676 2038 794 2102 magno
810 2019 969 2082 sententia
984 2019 1082 2084 bello.
1099 2049 1113 2077 a

325 2153 385 2216 Vix
400 2176 436 2217 ea
451 2153 569 2239 legati:
588 2155 756 2238 variusque
772 2177 831 2241 per
847 2178 903 2220 ora
919 2158 1062 2223 cucurrit

326 2291 523 2356 Ausonidum
535 2291 663 2354 turbata
675 2290 797 2357 fremor
809 2316 817 2354 ε
831 2315 890 2358 cau
901 2316 973 2358 saxa
984 2311 1153 2360 moramur

325 2437 434 2516 Quum
444 2430 573 2516 rapidos
584 2452 709 2503 amnes:
722 2430 759 2494 fit
770 2431 876 2495 clauso
888 2434 1016 2520 gurgite
1029 2457 1186 2509 murmur,

324 2567 506 2652 Vicinaeque
521 2567 663 2631 fremunt
677 2569 755 2655 ripae
771 2570 1004 2656 crepitantibus
1020 2573 1125 2637 undis.

361 2781 409 2842 Ut
420 2777 560 2862 primum
569 2775 687 2861 placati
697 2777 795 2840 animi
803 2825 811 2855 ‚
826 2793 858 2842 et
869 2779 994 2866 trepida
1007 2804 1063 2844 ora
1075 2783 1245 2868 quierunt,

325 2916 478 2980 Praetatus
492 2913 602 2989 divos,
619 2911 700 2976 solio
716 2935 773 2977 rex
788 2914 859 2979 infit
875 2918 916 2980 ab
931 2917 1017 2982 alto:

271 3043 276 3047 ’
325 3059 439 3122 «Ante
449 3052 598 3140 equidem
609 3073 730 3114 summa
741 3053 782 3118 de
793 3075 829 3119 re
840 3056 1004 3132 statuisse,
1018 3057 1137 3133 latini,
1215 3115 1219 3124 ,

323 3198 362 3258 Et
373 3192 507 3270 vellem,
521 3205 554 3258 et
563 3189 668 3254 fuerat
679 3188 809 3265 melius;
822 3213 890 3258 uon
903 3207 1049 3280 tempore
1061 3195 1116 3262 tali

321 3333 447 3416 Cogere
460 3326 649 3404 concilium,
664 3347 764 3410 quum
775 3349 885 3392 muros
896 3329 1019 3393 adsidet
1032 3330 1143 3394 hostis.

320 3469 443 3533 Bellum
454 3469 691 3554 importunum,
706 3465 805 3539 cives,
821 3487 894 3530 curn
906 3482 1003 3553 gente
1013 3467 1147 3531 deorum

319 3605 513 3688 Inviotiaque
524 3605 600 3668 viris
613 3603 768 3690 gerimus,
786 3625 867 3688 quos
877 3603 965 3668 nulla
976 3603 1111 3690 fatigant

321 3744 451 3818 Prelio,
467 3763 528 3806 nec
542 3743 619 3806 victi
632 3757 767 3829 possunt
782 3741 936 3810 absistere
952 3743 1051 3810 ferro.

318 3888 416 3971 Spem
426 3883 451 3947 si
464 3901 559 3968 quam
570 3881 695 3946 adscitis
707 3880 847 3946 AEtolum
859 3880 1014 3948 habuistis
1026 3881 1060 3944 in
1072 3881 1188 3957 armis,

292 4031 295 4040 ’
316 4023 449 4115 Ρθῡὶῑθί
466 4041 537 4106 spes
548 4017 609 4082 sibi
620 4021 772 4114 quisque:
786 4017 842 4082 sed
853 4019 919 4082 haec
932 4039 1026 4104 quam
1037 4035 1170 4105 angusta
1184 4018 1313 4082 videtis!
