2872 4816
296 417 354 477 122
539 413 764 476 AENEIDOS
794 413 931 475 LIBER
962 415 1024 475 lx.
1183 430 1207 460 v·
1219 413 1271 466 ⁵⁰6.

292 555 331 616 Et
342 553 439 616 l'ossas
450 552 585 637 implere
597 566 729 636 parant,
744 572 780 614 ac
792 549 912 614 vellere
922 549 1052 614 vallum.

290 692 448 772 Quaeruut
458 709 531 775 pars
542 686 683 764 aditum,
697 701 730 750 et
741 684 832 750 scalis
842 686 1013 750 ascendere
1025 708 1153 764 muros,

290 827 362 907 Qua
375 845 446 887 rara
458 837 506 886 est
519 815 620 899 acies,
635 807 873 906 interlucetque
886 843 1019 904 corona¹

287 964 360 1023 Non
371 973 436 1022 tam
447 957 544 1045 spissa
553 957 643 1021 viris.
660 957 811 1020 Telorum
824 954 992 1020 effundere
1003 973 1115 1023 eontra

289 1099 395 1160 Omne
406 1117 507 1182 genus
517 1095 648 1173 Teucri,
665 1117 701 1158 ac
712 1092 802 1158 duris
813 1092 986 1158 detrudere
997 1096 1121 1174 contis,

287 1234 410 1297 assueti
421 1233 520 1319 longo
530 1253 640 1296 muros
651 1231 824 1296 defendere
836 1232 936 1297 bello.

288 1375 368 1436 Saxa
378 1387 508 1454 quoque
521 1367 638 1431 infesto
650 1366 825 1432 volvebant
834 1367 997 1454 pondere,
1012 1368 1112 1456 siqua

287 1512 422 1570 Possent
434 1521 549 1570 tectam
559 1505 659 1570 aciem
669 1528 898 1593 perrumpere;
914 1529 1014 1594 quum
1025 1522 1132 1572 tamen
1143 1529 1257 1572 omnes

287 1621 384 1711 Ferre
392 1648 483 1728 juvat
494 1645 605 1710 subter
616 1645 714 1718 densa
725 1645 886 1711 testudine
900 1669 1000 1712 casus.

286 2160 351 2219 Nec
359 2157 425 2239 jam
439 2155 619 2232 sufficiunt3
634 2175 708 2217 nam
716 2202 725 2234 ,
739 2177 802 2241 qua
813 2145 929 2256 globus
940 2158 1086 2222 imminet
1094 2160 1226 2247 ingens,

283 2298 457 2360 Immunem
467 2295 583 2359 Teucri
592 2295 711 2359 molem
723 2294 925 2381 volvuntque
936 2285 1118 2381 ruuntque,

285 2436 365 2516 Quae
374 2433 489 2498 stravit
498 2433 635 2497 Rutulos
645 2433 727 2511 late,
740 2455 967 2520 armorumque
979 2435 1111 2500 resolvit
1207 2468 1210 2474 ·
1305 2487 1307 2494 a

281 2573 450 2658 Tegmina:
461 2595 524 2636 nec
533 2587 650 2637 curant
660 2595 744 2638 ceco
756 2573 954 2638 contendere
965 2588 1068 2639 marte

282 2712 424 2798 Amplius
438 2711 572 2776 audaces
588 2711 719 2788 Rutuli}
737 2711 793 2776 md
808 2697 930 2798 pellere
944 2710 1030 2775 valle

283 2850 449 2922 Missilibus
464 2863 600 2914 certant.

280 3759 375 3823 Parte
386 3757 445 3821 alia
455 3757 635 3822 horrendus
647 3761 716 3826 visu
729 3759 896 3845 quassabat
909 3761 1075 3824 Etruscam

277 3895 408 3973 Pinum,
426 3909 458 3958 et
472 3893 637 3960 fumiferos
650 3897 748 3962 infert
763 3898 938 3962 Mezentius
953 3899 1054 3985 ignes.

275 4034 316 4103 lit
326 4035 499 4124 Messapus,
514 4053 633 4116 equum
642 4033 800 4112 domitor,
811 4036 971 4122 Neptunia
981 4035 1112 4124 proles,
1200 4079 1203 4084 ,
