2894 4812
291 407 351 467 294
528 401 762 464 AENElDOS
793 402 938 462 LIBER
971 402 1032 462 xt.
1181 399 1272 454 oth·

290 540 340 603 llli
354 538 451 603 armis
465 537 500 602 in
515 559 614 623 regna
629 553 737 600 ruant.
755 563 770 598 v
790 541 855 602 Nec
871 538 966 624 plura
981 537 1111 602 locutus

291 675 458 762 Corripuit
472 697 561 751 sese,
580 675 722 738 attactis
741 675 823 739 citus
838 674 952 738 extulit
966 673 1050 738 altis.

292 841 306 872 a
322 817 388 890 Tu,
404 811 524 876 Voluse
533 859 542 889 ,
561 812 677 874 armari
693 811 885 876 Volscorum
901 807 991 874 edice
1005 807 1175 894 maniplis;

290 957 362 1017 Duc
370 1000 379 1030 ,
396 951 459 1029 ait,
476 967 510 1016 et
523 951 664 1014 Rutulos
678 975 685 1012 :
704 949 848 1035 equitem
862 953 1022 1036 Messapus
1035 948 1071 1012 in
1085 947 1199 1023 armis,

290 1096 331 1155 Et
346 1113 419 1154 cum
434 1090 535 1154 fratre
552 1089 670 1167 Coras,
688 1089 761 1154 latis
775 1087 948 1152 diffundite
961 1086 1091 1172 eampis.

290 1235 370 1294 Pars
384 1229 488 1293 aditus
502 1229 593 1293 urhis
608 1228 757 1304 firment,
776 1241 947 1312 turresque
962 1239 1146 1312 capessant:

292 1368 426 1447 Cetera,
444 1391 506 1456 qua
516 1371 624 1452 jusso,
642 1390 770 1431 meeum
784 1389 899 1432 manus
911 1367 1029 1431 inferat
1043 1387 1142 1430 arma.
1160 1393 1178 1430 v.

334 1505 426 1568 ilicet
440 1504 474 1568 in
489 1526 600 1568 muros
613 1519 681 1567 tota
697 1503 890 1568 discurritur
903 1503 997 1567 urbe.

292 1643 473 1707 Concilium
485 1643 552 1730 ipse
563 1659 657 1731 pater
670 1658 704 1706 et
717 1664 833 1730 magna
846 1642 976 1730 incepta
990 1642 1123 1728 Latinus

293 1783 437 1860 Deserit,
454 1805 491 1848 ac
504 1783 753 1848 tristi-turbatus
768 1796 915 1868 tempore
930 1781 1052 1848 differt.

290 1920 454 2006 Multaque
465 1943 500 1984 se
509 1921 652 1999 incusat,
666 1919 723 2006 qui
734 1941 802 1984 non
812 1919 974 2007 acceperit
988 1919 1077 1984 ultro

291 2057 488 2126 Dardanium
499 2061 639 2136 AEnmn,
657 2081 878 2145 generumque
893 2057 1063 2122 adsciverit
1074 2057 1159 2120 urbi.

292 2197 491 2260 Praesodiunt
504 2197 557 2258 alii
570 2212 698 2284 portas,
716 2214 771 2261 aut
782 2221 855 2262 saxa
870 2198 1026 2284 sudesque

292 2337 508 2402 subvectant:
521 2334 608 2400 hello
624 2335 678 2400 dat
692 2336 819 2422 signum
834 2357 929 2400 rauca
945 2323 1117 2399 cruentam
1197 2387 1200 2395 Δ

290 2476 441 2538 Buccina.
459 2480 540 2539 Tum
550 2497 661 2539 muros
675 2476 764 2540 varia
774 2476 903 2541 cinxere
918 2497 1046 2540 corona·

291 2615 445 2676 Matronae
455 2612 630 2700 puerique:
645 2615 740 2678 voca‘t
753 2613 847 2678 labor
860 2615 991 2678 ultimus
1007 2633 1131 2677 omnes.

291 2754 426 2816 Necnon
438 2749 478 2813 ad
492 2750 650 2836 templum
665 2772 866 2837 summasque
882 2750 923 2814 ad
934 2749 1073 2840 Palladis
1085 2748 1202 2811 arcesa

290 2887 489 2954 subvehitur
500 2910 615 2974 magna
625 2905 765 2952 matrum
775 2892 888 2978 regina
901 2906 1044 2966 caterva,

292 3026 387 3093 Dona
401 3023 527 3098 ferens;
541 3025 698 3110 juxtaque
712 3047 819 3090 comes
835 3026 967 3090 Lavinia
980 3029 1096 3142 virgo⁸

293 3164 395 3228 Causa
406 3161 496 3226 malis
507 3162 622 3241 tantis,
639 3162 750 3226 oeulos
761 3163 886 3248 dejecta
896 3164 1045 3228 decoros.

293 3303 478 3372 Succedunt
488 3318 624 3380 matres,
639 3317 672 3366 et
683 3303 839 3391 templum
854 3307 927 3368 ture
937 3319 1114 3390 vaporant,

293 3441 335 3501 Et
345 3454 473 3502 moestas
484 3439 549 3504 alto
561 3438 703 3503 fundunt
715 3437 755 3501 de
769 3437 880 3510 limine
892 3461 987 3503 voces
999 3464 1007 3501 :

296 3581 317 3634 ι’
326 3576 549 3663 Armipotens,
563 3599 679 3664 praeses
689 3576 783 3655 belli,
801 3576 945 3642 Tritonia
956 3577 1068 3662 virge,

295 3717 420 3800 Frange
434 3733 531 3776 manu
542 3713 643 3780 telum
654 3714 788 3801 Phrygii
798 3715 979 3802 predonis,
996 3729 1030 3780 et
1041 3715 1147 3801 ipsum

294 3854 440 3916 Pronum
456 3863 565 3914 sterne
578 3851 648 3916 solo
660 3899 669 3929 ,
683 3853 851 3938 portisque
865 3853 996 3918 effunde
1007 3853 1067 3958 sub
1082 3852 1167 3916 altis.
1184 3881 1201 3911 s

339 4012 488 4098 Cingitur
498 4013 566 4102 ipse
582 4015 691 4081 furens
703 4018 848 4082 certatim
867 4019 899 4082 in
914 4019 1022 4106 praelia
1033 4023 1159 4084 Turnus
1171 4015 1199 4084 ⁹..

281 4137 293 4164 .
