2894 4812
285 395 347 456 224
536 389 771 454 AENEIDOS
804 393 951 456 LIBER
983 397 1024 456 X.
1185 404 1281 454 equa.

283 529 398 593 Cisseis
413 527 524 614 regina
540 526 639 592 Parin
653 550 661 588 ε
679 526 771 590 Paris
787 527 868 592 urbe
882 544 1017 613 paterna

285 667 450 742 Occubat;
466 665 614 752 ignarum
631 667 772 727 Laurens
786 663 884 732 habet
899 687 956 728 ora
971 666 1136 730 Mimanta.

326 809 371 868 Ac
384 803 474 867 velut
488 802 543 866 ille
558 825 674 868 canum
690 825 800 868 morsu
815 803 856 867 de
871 799 1038 869 montibus
1052 805 1125 870 altis

275 905 378 1007 rictus
389 964 468 1029 aper
479 939 619 1028 (multos
635 939 769 1004 Vesulus
780 961 878 1026 quem
889 940 1009 1027 pinifer
1020 964 1123 1007 minos

279 1081 453 1160 Defendit,
469 1078 630 1145 multosve
644 1078 736 1165 palus
752 1079 964 1166 Laurentia),
982 1080 1060 1145 silva

279 1223 391 1282 Pastus
403 1217 581 1282 arundinea
592 1239 601 1280 a
614 1231 786 1304 postquam
796 1217 884 1281 inter
895 1219 977 1282 retia
988 1234 1122 1282 ventum
1133 1236 1182 1285 est
1194 1270 1203 1299 ,

278 1357 445 1434 Substitit,
458 1356 689 1442 infremuitque
699 1356 807 1435 ferox,
824 1373 857 1420 et
868 1357 1034 1420 inhorruit
1045 1380 1170 1434 armos;

277 1496 342 1558 Nec
357 1494 507 1581 cuiquam
522 1495 616 1558 irasci
630 1493 805 1582 propiusve
819 1494 973 1558 accedere
990 1495 1112 1573 virtus,

277 1633 342 1698 Sed
353 1632 468 1718 jaculis
484 1633 624 1718 tutisque
640 1630 755 1719 procul
772 1631 967 1696 clamoribus
982 1634 1121 1698 instant:

276 1772 369 1836 Haud
384 1772 490 1849 aliter,
503 1773 599 1855 justae
613 1771 732 1857 quibus
747 1786 796 1836 est
811 1773 988 1838 Mezentius
1002 1773 1076 1851 irae,

275 1918 348 1976 Non
363 1911 422 1975 ulli
435 1927 485 1975 est
499 1911 624 1975 animus
638 1911 752 1976 stricto
768 1933 965 1977 concurrere
980 1914 1069 1977 ferro
1083 1939 1091 1989 ;

276 2051 448 2115 Missilibus
463 2049 560 2135 longe
575 2063 608 2112 et
622 2065 713 2114 vasto
728 2050 869 2115 clamore
885 2051 1065 2116 lacessunt:

274 2190 333 2253 lile
348 2203 455 2252 autem
470 2187 648 2274 impavidus
663 2204 772 2275 partes
787 2207 958 2256 cunctatur
974 2192 1009 2255 in
1026 2215 1156 2271 omnes,

274 2327 434 2392 Dentibus
449 2325 656 2404 infrendens,
674 2341 707 2390 et
723 2341 817 2414 tergo
835 2328 958 2393 decutit
972 2330 1089 2394 hastas.

317 2786 458 2896 Venerat
473 2784 613 2868 antiquis
631 2784 770 2872 Corythi
788 2785 827 2848 de
844 2784 964 2850 finibus
979 2789 1107 2858 Acron.

274 2923 391 2985 Graius
402 2921 518 2997 homo,
533 2920 670 2984 infectos
681 2920 833 3007 linquens
843 2923 1000 3010 profugus
1011 2923 1206 3011 bymenaeos.

271 3065 366 3127 Hunc
379 3063 436 3126 ubi
449 3062 636 3126 miscentem
652 3061 749 3148 longe
764 3061 868 3126 media
885 3063 1012 3149 agmina
1027 3064 1127 3142 vidit,

270 3205 475 3288 Purpureum
489 3199 606 3287 pennis
622 3215 655 3264 et
670 3215 771 3287 pactae
786 3201 933 3287 conjugis
948 3217 1056 3280 ostr03

269 3341 427 3429 Impastus
443 3339 566 3404 stabula
582 3340 645 3403 alta
660 3340 713 3404 leo
729 3363 788 3405 ceu
804 3364 886 3428 saepe
901 3365 1076 3430 peragrans

270 3485 412 3575 (Suadet
426 3484 512 3548 euim
528 3503 643 3546 vesana
658 3481 779 3566 fames)
794 3481 821 3546 si
835 3482 921 3546 forte
935 3483 1080 3570 fugacem

268 3621 445 3709 Conspexit
458 3641 605 3705 capream
612 3666 622 3697 ,
635 3633 690 3682 aut
701 3633 887 3708 surgentem
898 3620 933 3684 in
945 3642 1068 3686 cornua
1083 3644 1236 3702 cerrum,

270 3759 398 3828 Gaudet
408 3746 499 3821 hians
509 3755 664 3835 immane,
679 3779 851 3844 comasque
862 3760 1000 3838 arrexit,
1015 3775 1048 3824 et
1059 3760 1161 3826 haeret

269 3877 451 3962 Visceribus
462 3915 559 3980 super
569 3895 777 3976 incumbens3
791 3895 869 3960 lavit
879 3898 1029 3986 improba
1041 3915 1125 3964 teter

270 4037 337 4099 Ora
354 4054 470 4096 cruor:
549 4086 554 4096 ,
