2894 4812
297 397 359 460 256
538 393 769 457 AENEIDOS
800 395 942 456 LIBER
972 397 1032 458 Xl.
1186 403 1276 454 etat.

256 520 258 523 ¹
297 535 426 610 Nostra,
439 531 595 616 nequead
607 529 816 595 sedesvictor
829 532 982 596 veherere
996 533 1168 618 paternas?

296 665 369 734 Non
385 669 451 732 haee
468 669 618 761 Ersndro
632 669 673 733 de
690 684 722 733 te
739 669 894 755 promissa
909 671 1037 757 parenti
1132 691 1135 700 ’

296 805 471 870 Discedens
483 804 650 882 dederam,
665 828 764 892 quum
776 828 827 869 me
839 806 1023 892 complexus
1039 823 1171 872 euntem

297 945 440 1008 Mitteret
450 945 485 1008 in
494 965 646 1030 magnum
657 944 847 1030 imperium,
860 960 1071 1032 metuensque
1082 964 1231 1011 moneret

298 1084 394 1144 Aeres
407 1103 474 1144 esse
489 1081 595 1154 viros,
612 1103 684 1144 cum
699 1081 779 1144 dura
791 1081 899 1167 praelia
914 1096 1023 1167 gente.

298 1222 338 1282 Et
348 1240 436 1282 nune
447 1218 501 1282 ille
515 1218 663 1305 quidem,
678 1241 734 1305 spe
745 1218 883 1283 multum
897 1235 1008 1306 eaptus
1018 1219 1125 1297 inani,

298 1360 376 1419 Fors
392 1369 425 1418 et
438 1369 514 1419 vota
527 1351 620 1432 facit,
634 1355 840 1442 cumulatque
853 1356 965 1419 altaria
979 1355 1092 1420 donis:

297 1497 362 1558 Nos
368 1495 521 1577 juvenem
533 1493 730 1567 exanimum.
746 1511 778 1560 et
788 1495 834 1558 nil
841 1498 908 1580 jam
921 1494 1101 1559 coelestibus
1115 1495 1187 1558 ullis
1242 1502 1251 1563 ⁸.-

297 1630 501 1707 Debentem;
517 1653 597 1696 vano
613 1631 718 1696 moesti
733 1631 923 1696 comitamur
933 1632 1081 1706 honore„

298 1767 430 1846 Infelix,
448 1769 516 1832 nati
531 1769 627 1834 funus
643 1769 773 1834 crudele
790 1769 930 1834 videbis!

299 1905 340 1968 Hi
353 1907 459 1970 nostri
474 1906 597 1970 reditus
611 1908 849 1993 exspectatique
864 1907 1038 1993 triumphi!

298 2044 373 2106 Haee
388 2064 458 2104 mea
472 2063 587 2128 magna
598 2041 691 2106 fides!
704 2047 747 2107 At
757 2066 841 2121 non,
856 2043 1019 2121 Euandre,
1033 2045 1200 2132 pudendis·

298 2181 492 2246 Vulneribus
505 2181 633 2266 pulsum
645 2181 814 2267 adspicies3
828 2205 889 2247 nec
900 2185 1020 2272 sospite
1033 2185 1140 2250 dirum

300 2319 436 2405 Optabis
451 2334 528 2384 nate
544 2320 639 2384 funus
653 2336 757 2410 pater.
775 2323 835 2386 Hei
849 2323 943 2388 mihi!
961 2339 1118 2409 quantum

299 2456 502 2538 Praesidium,
515 2459 670 2540 Ausonia,
683 2477 716 2524 et
727 2475 883 2548 quantum
898 2478 934 2526 tu
944 2464 1072 2554 perdis,
1085 2465 1170 2530 lule!
1188 2496 1201 2525 η

342 3772 416 3832 Haee
431 3771 487 3835 ubi
501 3770 647 3854 deflevit,
666 3775 736 3840 tolli
752 3777 933 3842 miserabile
948 3799 1066 3866 corpus

296 3911 455 3993 Imperat,
472 3922 507 3971 et
519 3921 590 3973 toto
605 3911 706 3978 lectos
720 3936 759 3978 ex
773 3915 899 4000 agmine
915 3915 1015 3980 mittit

295 4043 380 4108 Mille
391 4042 494 4121 viros,
508 4045 563 4130 qui
574 4069 759 4133 supremum
770 4051 967 4118 comitentur
978 4054 1157 4130 honorem,
