2894 4812
310 409 373 469 tlt
562 407 794 469 AENEIDOS
825 407 970 469 LIBER
1001 409 1041 468 Χ.
1216 420 1295 466 v·9⁰·

308 551 369 610 Ter
381 548 502 612 circum
514 547 692 610 adstantem
706 546 802 610 laevos
814 546 968 630 equitavit
977 546 1011 608 in
1025 546 1122 608 orbes
1129 557 1137 623 3

307 687 381 749 Tela
398 710 494 751 manu
508 687 645 770 jaciens,
662 685 714 750 'ter
726 707 833 748 secum
848 689 963 748 Troius
977 684 1074 749 beros

308 828 482 887 lmmanem
499 839 597 887 aerato
614 824 800 887 circumfert
815 824 955 909 tegmine
972 823 1094 887 silvam.
1157 825 1161 840 '

307 961 387 1024 Inde
403 962 459 1024 ubi
475 976 524 1024 tot
541 961 671 1025 traxisse
687 983 813 1038 moras,
830 975 879 1024 tot
895 960 1016 1047 spicula
1031 961 1126 1024 taedet

308 1096 455 1175 Vellere,
474 1114 507 1161 et
524 1114 658 1184 urgetur
672 1121 780 1186 pugna
796 1121 986 1185 congressus
1001 1099 1131 1184 iniqua;

310 1232 409 1294 Multa
420 1256 552 1298 movens
565 1235 672 1299 animo
681 1282 689 1312 ,
699 1237 765 1318 jam
777 1234 907 1299 taudem
918 1236 1076 1322 erumpit,
1094 1252 1126 1300 et
1137 1237 1222 1300 inter

309 1367 478 1433 Bellatoris
493 1371 568 1455 equi
583 1375 657 1435 cava
674 1385 822 1456 tempora
837 1371 969 1454 conjicit
985 1371 1119 1434 hastam.

309 1506 407 1569 Tollit
423 1531 456 1571 se
471 1524 632 1572 arrectum
647 1508 847 1594 quadrupes,
862 1524 894 1570 et
912 1508 1051 1573 calcibus
1065 1531 1156 1572 auras

312 1648 487 1724 Verberat,
501 1646 701 1732 effusumque
715 1645 858 1731 equitem
870 1667 966 1732 super
978 1646 1045 1732 ipse
1061 1660 1189 1708 secutus

311 1784 475 1870 lmplieat‚
491 1787 659 1870 ejectoque
674 1783 832 1848 incumbit
848 1805 987 1848 cernuus
1002 1805 1103 1846 armo.

363 2044 513 2107 Clamore
524 2044 703 2109 incendunt
714 2046 830 2108 coelum
840 2048 1002 2129 Troesque
1015 2037 1192 2129 Latinique.

314 2178 452 2242 Advolat
467 2182 598 2256 AEneas,
616 2180 797 2265 vaginaque
813 2180 910 2266 eripit
925 2201 1052 2243 ensem:

317 2318 357 2377 Et
372 2313 569 2401 superhaec:
587 2345 601 2373 α
614 2316 677 2381 Ubi
692 2338 780 2380 nune
796 2317 971 2380 Mezentius
985 2337 1070 2392 acer,
1090 2330 1122 2378 et
1138 2314 1191 2378 illa

320 2455 424 2518 Effera
440 2456 487 2521 vis
503 2457 622 2520 animi?
636 2486 650 2516 s
669 2457 791 2521 Contra
805 2457 1008 2544 Tyrrhenus,
1026 2471 1062 2520 ut
1075 2478 1167 2520 auras

319 2594 501 2680 suspiciens
517 2594 622 2658 bausit
637 2596 753 2659 coelum
762 2642 772 2672 ,
789 2609 996 2679 mentemque
1012 2593 1154 2679 recepit:

323 2761 337 2790 a
349 2734 456 2796 Hostis
466 2755 588 2811 amare,
603 2733 682 2818 quid
692 2733 884 2820 increpitas,
899 2748 1103 2818 mortemque
1116 2733 1269 2796 minaris?

321 2872 452 2936 Nullum
467 2873 501 2936 in
517 2873 601 2936 eaede
618 2871 725 2936 nefas:
742 2895 803 2936 nec
818 2873 862 2936 sic
877 2872 918 2960 ad
932 2872 1042 2958 praelia
1057 2873 1148 2950 reni,

323 3013 388 3074 Nec
400 3026 506 3074 tecum
518 3032 607 3072 meus
618 3009 685 3074 haec
696 3010 820 3096 pepigit
833 3009 911 3072 mihi
921 3008 1041 3074 foedera
1053 3014 1180 3074 Lausus.

324 3151 431 3214 Unum
442 3148 522 3225 lioc,
539 3169 611 3234 per,
625 3147 651 3211 si
662 3169 725 3232 qua
738 3161 785 3210 est
796 3146 888 3212 vietis
902 3147 992 3210 venia
1007 3147 1168 3226 hostibuS,
1182 3169 1259 3225 oro,

325 3284 453 3373 Corpus
469 3285 567 3349 humo
582 3283 704 3370 patiare
720 3284 805 3370 tegi:
824 3285 889 3348 scio
904 3285 1019 3348 acerba
1033 3307 1182 3350 meorum

327 3423 541 3488 Circumstare
556 3422 629 3486 odia
642 3448 649 3499 ;
668 3422 773 3500 bunc,
792 3444 871 3501 oro,
886 3423 1024 3488 defende
1040 3424 1202 3502 furorem,
1234 3425 1238 3432 “

327 3563 368 3622 Ει
382 3582 434 3623 me
451 3577 635 3627 consortem
650 3562 717 3625 nati
733 3551 875 3626 concede
890 3564 1050 3650 sepulcro.
1066 3592 1080 3622 s

330 3703 404 3762 llaec
415 3697 573 3784 loquitur,
584 3699 763 3786 juguloque
775 3700 860 3766 haud
872 3701 989 3766 inscius
1000 3702 1115 3788 accipit
1125 3725 1253 3779 ensem,

329 3837 535 3922 Undantique
549 3838 688 3904 animam
705 3840 857 3904 diffundit
872 3842 906 3906 in
921 3864 1008 3906 arma
1026 3863 1154 3905 cruore.
