2996 4826
311 395 375 456 280
551 389 774 454 AENEIDOS
803 388 941 451 LIBER
972 391 1033 451 xl.
1206 387 1298 433 *²⁸3-

313 529 429 594 Cetera
444 552 507 616 qua
523 549 633 592 rerum
646 530 774 612 jaceant
788 525 935 614 perculsa
949 525 1059 602 ruina,

309 671 392 732 Ante
403 667 513 732 oculos
524 668 675 752 interque
686 687 798 729 manus
810 680 884 728 sunt
896 665 1003 729 omnia
1016 679 1148 728 vestras.

314 811 380 872 Nec
391 828 584 894 quemquam
596 806 728 870 incuso:
742 803 850 890 potuit
860 825 931 890 que
941 803 1079 889 plurima
1090 803 1194 866 virtus
1296 851 1302 862 .

312 949 405 1023 Esse,
420 944 498 1022 fuit3
516 959 586 1008 toto
602 957 761 1008 certatum
777 956 826 1005 est
840 961 980 1028 corpore
996 940 1101 1026 regni.

311 1086 403 1147 Nunc
418 1083 517 1162 adeo,
535 1105 606 1169 quae
621 1083 662 1145 sit
677 1073 783 1146 dubiae
798 1080 958 1144 sententia
973 1077 1094 1152 menti,

313 1221 505 1308 Expediam3
520 1237 553 1284 et
566 1220 690 1307 paucis,
704 1191 827 1284 animos
842 1217 1008 1295 adhibete,
1025 1217 1161 1281 docebo.

313 1360 368 1420 Est
382 1357 532 1443 antiquus
546 1378 623 1443 ager
637 1360 738 1419 Tusco
753 1355 831 1421 mihi
847 1354 1014 1442 proximus
1028 1354 1132 1431 amni,

313 1499 441 1581 Longus
455 1496 489 1559 in
504 1517 671 1574 occasum,
688 1497 767 1568 fines
784 1518 880 1583 super
897 1515 997 1582 usque
1013 1494 1162 1560 Sicanos:

312 1632 454 1696 Aurunci
468 1632 643 1720 Rutulique
658 1648 789 1711 serunt,
806 1648 839 1696 et
853 1655 984 1698 vomere
1000 1632 1099 1698 duros

313 1773 471 1864 Exercent
480 1770 594 1846 colles,
607 1785 703 1862 atque
715 1770 832 1834 horum
843 1771 1018 1856 asperrima
1032 1781 1178 1856 pascunt.

318 2651 392 2712 Haec
407 2648 511 2712 omnis
526 2648 635 2733 regio,
653 2662 685 2710 et
700 2647 776 2713 celsi
790 2647 881 2733 plaga
895 2648 990 2733 pinea
1003 2649 1142 2724 montis,

317 2783 418 2848 Cedat
433 2783 579 2850 amicitiae
592 2788 808 2860 Teucrorum3
828 2800 861 2846 et
876 2780 1005 2848 foederis
1019 2805 1121 2870 equas

317 2922 467 2986 Dicamus
481 2921 581 3008 leges,
600 2923 766 3008 sociosque
781 2922 815 2986 in
830 2944 929 3009 regna
944 2946 1112 2987 vocemus:

254 3081 257 3096 ·
319 3057 515 3136 Considunt,
529 3057 555 3121 si
566 3072 673 3123 tantus
684 3081 787 3137 amor,
801 3073 834 3123 et
848 3060 966 3124 moenia
977 3061 1130 3124 condant.

317 3194 375 3257 Sin
389 3193 468 3259 alios
482 3194 561 3260 fines
576 3193 734 3280 aliamque
750 3217 913 3282 capessere
929 3211 1059 3282 gentem

315 3333 370 3394 Est
381 3332 505 3396 animus
512 3379 521 3410 ,
534 3345 737 3417 poscuntque
748 3330 818 3394 solo
830 3330 985 3394 decedere
995 3348 1109 3397 nostro
1120 3359 1129 3408 ς

316 3467 370 3530 Bis
385 3467 482 3532 denas
496 3469 577 3532 Italo
593 3484 735 3560 texamus
749 3469 871 3533 robore
887 3491 1001 3547 naves,

318 3607 381 3670 Seu
393 3604 501 3689 plures
512 3607 675 3692 complere
692 3605 799 3670 valent
811 3632 819 3669 ε
830 3609 916 3691 jacet
927 3607 1030 3672 omnis
1041 3607 1081 3671 ad
1093 3606 1213 3674 undam

316 3741 462 3806 Materies
473 3767 481 3818 ;
494 3741 555 3828 ipsi
566 3764 802 3831 numerumque
818 3745 1013 3831 modumque
1028 3744 1144 3808 carinis
1192 3801 1194 3806 .

315 3880 527 3965 Praecipiant3
546 3899 606 3946 nos
620 3904 699 3960 aera,
718 3905 850 3958 manus,
867 3884 991 3948 navalia
1009 3883 1131 3947 demus.

316 4023 491 4096 Praetcrea,
506 4017 562 4102 qui
573 4017 656 4082 dicta
668 4023 773 4086 serant
785 4035 817 4084 et
828 4021 948 4088 foedera
960 4022 1108 4096 firment,
