2908 4810
324 403 384 465 356
565 398 799 460 AENEIDOS.
817 397 1068 464 eluuntur.
1156 401 1162 412 '
1219 415 1243 446 v.
1260 415 1314 450 tao.

324 538 428 603 Velati
440 537 528 614 lino,
543 552 576 601 et
589 536 731 602 verbena
742 551 890 622 tempora
900 537 1014 602 vineti.

322 674 475 740 Procedit
487 673 572 760 legio
585 673 804 751 Ausonidum,
822 673 986 761 pilataque
999 675 1106 761 plenis

318 812 455 898 Agmina
469 833 502 874 se
517 811 659 874 fundunt
673 811 779 900 portis
793 836 801 874 ε
819 811 897 877 hino
911 818 1028 878 Troius
1041 817 1147 881 omnis
1161 866 1171 897 ,

317 949 567 1036 Tyrrhenusque
582 949 648 1026 ruit
663 949 758 1014 variis
773 951 932 1015 exercitus
945 952 1061 1028 armis:

317 1090 410 1153 Haud
421 1112 512 1155 secus
524 1090 676 1154 instructi
685 1090 793 1168 ferro,
812 1112 910 1176 quam
924 1091 950 1154 si
964 1112 1077 1178 aspera
1085 1093 1204 1160 ,Martis

314 1235 428 1315 Pugna
442 1243 549 1296 vocet.
563 1231 698 1292 Necnon
710 1226 824 1292 mediis
838 1229 874 1293 in
889 1228 1035 1294 millibus
1048 1229 1109 1316 ipsi

314 1372 476 1433 Ductores
491 1388 571 1432 auro
588 1367 726 1432 volitant
743 1381 898 1455 ostroque
913 1367 1040 1447 decori,

313 1511 356 1571 Et
370 1530 471 1594 genus
486 1507 627 1570 Assaraci
642 1505 844 1584 Mnestheus,
864 1522 897 1571 et
913 1505 1007 1571 fortis
1023 1507 1149 1593 Asylas,

314 1647 356 1708 Et
368 1647 527 1730 Messapus
542 1665 661 1729 equum
675 1643 838 1722 domitor,
857 1644 1018 1731 Neptunia
1033 1645 1154 1731 proles.
1171 1640 1174 1644 ’

312 1784 440 1867 thue,
457 1779 534 1845 dato
547 1779 659 1863 signo,
674 1783 775 1866 spatia
788 1781 824 1846 in
839 1773 901 1846 sua
910 1779 1048 1866 quisque
1064 1783 1218 1860 recessit,

312 1920 468 2006 Defigunt
482 1917 599 1982 tellure
616 1918 739 1996 hastas,
757 1934 790 1981 et
805 1933 892 1981 scuta
908 1917 1080 1981 reclinant.

310 2061 391 2121 Tum
406 2056 513 2122 studio
529 2057 637 2120 effusae
651 2070 770 2119 matres
766 2103 786 2166 ὁ
800 2070 833 2118 et
848 2054 963 2141 vulgus
977 2055 1157 2133 inermum,

309 2194 510 2280 Invalidique
525 2217 636 2273 senes,
657 2210 763 2259 turres
779 2209 812 2257 et
828 2209 911 2258 tecta
928 2194 1099 2260 domorum

312 2332 502 2400 Obsedere:
520 2333 574 2400 alii
589 2335 695 2421 portis
709 2327 900 2401 sublimibus
916 2334 1059 2400 adstant.

346 3517 388 3576 At
401 3517 489 3578 Juno
501 3560 509 3591 ,
519 3535 546 3577 e
559 3531 703 3592 summo,
721 3515 778 3601 qui
793 3529 881 3578 nunc
894 3513 1036 3578 Albanus
1051 3510 1192 3579 habetur
1209 3515 1223 3554 ³

298 3652 405 3740 (Tum
420 3674 528 3738 neque
541 3673 662 3720 nomen
677 3670 763 3732 erat,
780 3676 841 3719 nec
856 3652 982 3732 honos,
999 3669 1054 3718 aut
1068 3651 1174 3740 gloria
1188 3649 1319 3736 monti),

299 3791 504 3878 Prospiciens
515 3793 663 3872 tumulo,
680 3814 830 3881 campum
842 3791 1066 3881 adspectabat,
1086 3806 1120 3855 et
1132 3792 1243 3858 mohac

296 3935 493 3996 Laurentum
507 3935 695 4018 Troumque
709 3932 811 4010 acies,
828 3933 1009 4019 urbemque
1020 3932 1138 4000 latini.

295 4069 464 4155 Extemplo
478 4069 580 4134 Turni
597 4071 641 4134 sic
656 4083 705 4133 est
720 4069 814 4134 affata
830 4092 977 4136 sororem
