<?xml version="1.0" encoding="UTF-8"?>
<!DOCTYPE html PUBLIC "-//W3C//DTD XHTML 1.0 Transitional//EN"
    "http://www.w3.org/TR/xhtml1/DTD/xhtml1-transitional.dtd">
<html xmlns="http://www.w3.org/1999/xhtml" xml:lang="en" lang="en">
 <head>
  <title>
</title>
<meta http-equiv="Content-Type" content="text/html;charset=utf-8" />
  <meta name='ocr-system' content='tesseract 3.04.00' />
  <meta name='ocr-capabilities' content='ocr_page ocr_carea ocr_par ocr_line ocrx_word'/>
</head>
<body>
  <div class='ocr_page' id='page_1' title='image "./oeuvresdedelill00tissgoog_0382.png"; bbox 0 0 2908 4810; ppageno 0'>
   <div class='ocr_carea' id='block_1_1' title="bbox 280 392 1272 926">
    <p class='ocr_par' dir='ltr' id='par_1_1' title="bbox 280 392 1272 780">
     <span class='ocr_line' id='line_1_1' title="bbox 281 392 1272 483; baseline -0.008 0"><span class='ocrx_word' id='word_1_1' title='bbox 281 422 341 483; x_wconf 78' lang='lat'>372</span> <span class='ocrx_word' id='word_1_2' title='bbox 515 392 1020 480; x_wconf 61' lang='lat' dir='ltr'>suuutoosmnnuxri.</span> <span class='ocrx_word' id='word_1_3' title='bbox 1172 415 1272 475; x_wconf 66' lang='lat' dir='ltr'>mn·</span> 
     </span>
     <span class='ocr_line' id='line_1_2' title="bbox 280 549 1223 642; baseline -0.001 -23"><span class='ocrx_word' id='word_1_4' title='bbox 280 560 317 620; x_wconf 93' lang='lat' dir='ltr'>ln</span> <span class='ocrx_word' id='word_1_5' title='bbox 332 571 428 642; x_wconf 88' lang='lat' dir='ltr'>caput</span> <span class='ocrx_word' id='word_1_6' title='bbox 443 557 542 642; x_wconf 87' lang='lat' dir='ltr'>inque</span> <span class='ocrx_word' id='word_1_7' title='bbox 558 549 722 620; x_wconf 83' lang='lat' dir='ltr'>humeros.</span> <span class='ocrx_word' id='word_1_8' title='bbox 742 557 783 618; x_wconf 80' lang='lat' dir='ltr'>At</span> <span class='ocrx_word' id='word_1_9' title='bbox 798 555 942 619; x_wconf 86' lang='lat' dir='ltr'>fervibus</span> <span class='ocrx_word' id='word_1_10' title='bbox 956 555 1087 619; x_wconf 83' lang='lat' dir='ltr'>advolat</span> <span class='ocrx_word' id='word_1_11' title='bbox 1103 555 1194 618; x_wconf 87' lang='lat' dir='ltr'>hasta</span> <span class='ocrx_word' id='word_1_12' title='bbox 1218 583 1223 594; x_wconf 92' lang='lat'><strong>·</strong></span> 
     </span>
     <span class='ocr_line' id='line_1_3' title="bbox 282 690 1011 780; baseline 0 -24"><span class='ocrx_word' id='word_1_13' title='bbox 282 697 458 780; x_wconf 85' lang='lat' dir='ltr'>Messapus,</span> <span class='ocrx_word' id='word_1_14' title='bbox 473 690 604 780; x_wconf 80' lang='lat' dir='ltr'>teloque</span> <span class='ocrx_word' id='word_1_15' title='bbox 617 709 765 759; x_wconf 86' lang='lat' dir='ltr'>orantem</span> <span class='ocrx_word' id='word_1_16' title='bbox 778 694 879 757; x_wconf 90' lang='lat' dir='ltr'>multa</span> <span class='ocrx_word' id='word_1_17' title='bbox 896 693 1011 766; x_wconf 85' lang='lat' dir='ltr'>trabali</span> 
     </span>
    </p>

    <p class='ocr_par' dir='ltr' id='par_1_2' title="bbox 285 830 1195 926">
     <span class='ocr_line' id='line_1_4' title="bbox 285 830 1195 926; baseline -0.004 -30"><span class='ocrx_word' id='word_1_18' title='bbox 285 835 433 917; x_wconf 85' lang='lat' dir='ltr'>Desuper</span> <span class='ocrx_word' id='word_1_19' title='bbox 447 831 531 894; x_wconf 90' lang='lat' dir='ltr'>altus</span> <span class='ocrx_word' id='word_1_20' title='bbox 546 853 631 917; x_wconf 91' lang='lat' dir='ltr'>equo</span> <span class='ocrx_word' id='word_1_21' title='bbox 644 832 786 926; x_wconf 81' lang='lat' dir='ltr'>graviter</span> <span class='ocrx_word' id='word_1_22' title='bbox 801 831 897 908; x_wconf 85' lang='lat' dir='ltr'>ferit,</span> <span class='ocrx_word' id='word_1_23' title='bbox 915 841 1013 915; x_wconf 86' lang='lat' dir='ltr'>atque</span> <span class='ocrx_word' id='word_1_24' title='bbox 1028 830 1072 892; x_wconf 91' lang='lat' dir='ltr'>ita</span> <span class='ocrx_word' id='word_1_25' title='bbox 1085 831 1173 893; x_wconf 81' lang='lat' dir='ltr'>satur</span> <span class='ocrx_word' id='word_1_26' title='bbox 1188 857 1195 891; x_wconf 91' lang='lat'><strong>:</strong></span> 
     </span>
    </p>
   </div>
   <div class='ocr_carea' id='block_1_2' title="bbox 283 975 1247 1063">
    <p class='ocr_par' dir='ltr' id='par_1_3' title="bbox 283 975 1247 1063">
     <span class='ocr_line' id='line_1_5' title="bbox 283 975 1247 1063; baseline -0.003 -23"><span class='ocrx_word' id='word_1_27' title='bbox 283 1006 296 1036; x_wconf 71' lang='grc' dir='ltr'>α</span> <span class='ocrx_word' id='word_1_28' title='bbox 313 981 384 1041; x_wconf 89' lang='lat' dir='ltr'>Hoc</span> <span class='ocrx_word' id='word_1_29' title='bbox 399 976 513 1053; x_wconf 70' lang='lat' dir='ltr'>hahet,</span> <span class='ocrx_word' id='word_1_30' title='bbox 533 977 600 1042; x_wconf 76' lang='lat' dir='ltr'>haec</span> <span class='ocrx_word' id='word_1_31' title='bbox 616 975 733 1040; x_wconf 88' lang='lat' dir='ltr'>melior</span> <span class='ocrx_word' id='word_1_32' title='bbox 748 976 872 1063; x_wconf 78' lang='lat' dir='ltr'>magnis</span> <span class='ocrx_word' id='word_1_33' title='bbox 886 975 959 1038; x_wconf 87' lang='lat' dir='ltr'>data</span> <span class='ocrx_word' id='word_1_34' title='bbox 974 975 1104 1039; x_wconf 85' lang='lat' dir='ltr'>victima</span> <span class='ocrx_word' id='word_1_35' title='bbox 1119 975 1213 1039; x_wconf 84' lang='lat' dir='ltr'>divis.</span> <span class='ocrx_word' id='word_1_36' title='bbox 1233 1005 1247 1032; x_wconf 70' lang='grc' dir='ltr'>ι)</span> 
     </span>
    </p>
   </div>
   <div class='ocr_carea' id='block_1_3' title="bbox 286 1111 1141 1198">
    <p class='ocr_par' dir='ltr' id='par_1_4' title="bbox 286 1111 1141 1198">
     <span class='ocr_line' id='line_1_6' title="bbox 286 1111 1141 1198; baseline -0.002 -24"><span class='ocrx_word' id='word_1_37' title='bbox 286 1113 494 1175; x_wconf 82' lang='lat' dir='ltr'>Concurrunt</span> <span class='ocrx_word' id='word_1_38' title='bbox 511 1112 598 1188; x_wconf 90' lang='lat' dir='ltr'>ltali,</span> <span class='ocrx_word' id='word_1_39' title='bbox 613 1112 816 1198; x_wconf 77' lang='lat' dir='ltr'>spoliantque</span> <span class='ocrx_word' id='word_1_40' title='bbox 832 1112 968 1176; x_wconf 87' lang='lat' dir='ltr'>calentia</span> <span class='ocrx_word' id='word_1_41' title='bbox 984 1111 1141 1176; x_wconf 87' lang='lat' dir='ltr'>membra.</span> 
     </span>
    </p>
   </div>
   <div class='ocr_carea' id='block_1_4' title="bbox 288 1558 1167 3165">
    <p class='ocr_par' dir='ltr' id='par_1_5' title="bbox 288 1558 1167 3165">
     <span class='ocr_line' id='line_1_7' title="bbox 331 1558 1113 1644; baseline -0.003 -22"><span class='ocrx_word' id='word_1_42' title='bbox 331 1559 456 1622; x_wconf 88' lang='lat' dir='ltr'>Obvius</span> <span class='ocrx_word' id='word_1_43' title='bbox 472 1560 653 1622; x_wconf 83' lang='lat' dir='ltr'>ambustum</span> <span class='ocrx_word' id='word_1_44' title='bbox 672 1575 795 1624; x_wconf 88' lang='lat' dir='ltr'>torrem</span> <span class='ocrx_word' id='word_1_45' title='bbox 809 1560 988 1644; x_wconf 74' lang='lat' dir='ltr'>,Corynaeus</span> <span class='ocrx_word' id='word_1_46' title='bbox 1002 1558 1044 1622; x_wconf 90' lang='lat' dir='ltr'>ab</span> <span class='ocrx_word' id='word_1_47' title='bbox 1059 1579 1113 1621; x_wconf 86' lang='lat' dir='ltr'>ara</span> 
     </span>
     <span class='ocr_line' id='line_1_8' title="bbox 290 1671 1167 1784; baseline -0.001 -26"><span class='ocrx_word' id='word_1_48' title='bbox 290 1695 453 1782; x_wconf 83' lang='lat' dir='ltr'>Corripit,</span> <span class='ocrx_word' id='word_1_49' title='bbox 471 1671 505 1759; x_wconf 78' lang='lat' dir='ltr'>et</span> <span class='ocrx_word' id='word_1_50' title='bbox 519 1696 663 1759; x_wconf 85' lang='lat' dir='ltr'>venienti</span> <span class='ocrx_word' id='word_1_51' title='bbox 679 1697 805 1773; x_wconf 87' lang='lat' dir='ltr'>Ebuso,</span> <span class='ocrx_word' id='word_1_52' title='bbox 824 1696 1016 1784; x_wconf 83' lang='lat' dir='ltr'>plagamque</span> <span class='ocrx_word' id='word_1_53' title='bbox 1033 1695 1167 1770; x_wconf 84' lang='lat' dir='ltr'>ferenti,</span> 
     </span>
     <span class='ocr_line' id='line_1_9' title="bbox 288 1829 1130 1922; baseline -0.006 -23"><span class='ocrx_word' id='word_1_54' title='bbox 288 1838 435 1920; x_wconf 88' lang='lat' dir='ltr'>Occupat</span> <span class='ocrx_word' id='word_1_55' title='bbox 447 1857 483 1896; x_wconf 94' lang='lat' dir='ltr'>os</span> <span class='ocrx_word' id='word_1_56' title='bbox 495 1834 652 1898; x_wconf 84' lang='lat' dir='ltr'>flammis:</span> <span class='ocrx_word' id='word_1_57' title='bbox 672 1829 728 1903; x_wconf 93' lang='lat' dir='ltr'>olli</span> <span class='ocrx_word' id='word_1_58' title='bbox 745 1836 858 1922; x_wconf 86' lang='lat' dir='ltr'>ingens</span> <span class='ocrx_word' id='word_1_59' title='bbox 876 1837 975 1898; x_wconf 86' lang='lat' dir='ltr'>barba</span> <span class='ocrx_word' id='word_1_60' title='bbox 992 1833 1130 1909; x_wconf 82' lang='lat' dir='ltr'>reluxit,</span> 
     </span>
     <span class='ocr_line' id='line_1_10' title="bbox 292 1955 1131 2056; baseline 0.001 -25"><span class='ocrx_word' id='word_1_61' title='bbox 292 1968 506 2054; x_wconf 89' lang='lat' dir='ltr'>Nidoremque</span> <span class='ocrx_word' id='word_1_62' title='bbox 522 1955 668 2034; x_wconf 82' lang='lat' dir='ltr'>ambusta</span> <span class='ocrx_word' id='word_1_63' title='bbox 683 1971 783 2036; x_wconf 87' lang='lat' dir='ltr'>dedit.</span> <span class='ocrx_word' id='word_1_64' title='bbox 803 1973 908 2056; x_wconf 87' lang='lat' dir='ltr'>Super</span> <span class='ocrx_word' id='word_1_65' title='bbox 921 1970 989 2056; x_wconf 90' lang='lat' dir='ltr'>ipse</span> <span class='ocrx_word' id='word_1_66' title='bbox 1005 1985 1131 2034; x_wconf 90' lang='lat' dir='ltr'>secutus</span> 
     </span>
     <span class='ocr_line' id='line_1_11' title="bbox 290 2112 973 2198; baseline 0.004 -25"><span class='ocrx_word' id='word_1_67' title='bbox 290 2112 459 2174; x_wconf 83' lang='lat' dir='ltr'>Caesuriem</span> <span class='ocrx_word' id='word_1_68' title='bbox 474 2112 553 2176; x_wconf 88' lang='lat' dir='ltr'>laeva</span> <span class='ocrx_word' id='word_1_69' title='bbox 571 2115 689 2178; x_wconf 88' lang='lat' dir='ltr'>turbati</span> <span class='ocrx_word' id='word_1_70' title='bbox 704 2112 841 2198; x_wconf 86' lang='lat' dir='ltr'>corripit</span> <span class='ocrx_word' id='word_1_71' title='bbox 856 2112 973 2191; x_wconf 88' lang='lat' dir='ltr'>hostis,</span> 
     </span>
     <span class='ocr_line' id='line_1_12' title="bbox 289 2249 1136 2344; baseline -0.006 -30"><span class='ocrx_word' id='word_1_72' title='bbox 289 2257 513 2336; x_wconf 89' lang='lat' dir='ltr'>Impressoque</span> <span class='ocrx_word' id='word_1_73' title='bbox 525 2274 611 2338; x_wconf 85' lang='lat' dir='ltr'>genu</span> <span class='ocrx_word' id='word_1_74' title='bbox 623 2252 730 2315; x_wconf 90' lang='lat' dir='ltr'>nitens</span> <span class='ocrx_word' id='word_1_75' title='bbox 744 2266 840 2314; x_wconf 80' lang='lat' dir='ltr'>terrae</span> <span class='ocrx_word' id='word_1_76' title='bbox 856 2251 998 2344; x_wconf 86' lang='lat' dir='ltr'>applicat</span> <span class='ocrx_word' id='word_1_77' title='bbox 1012 2249 1114 2336; x_wconf 90' lang='lat' dir='ltr'>ipsum</span> <span class='ocrx_word' id='word_1_78' title='bbox 1128 2273 1136 2309; x_wconf 92' lang='lat'><strong>:</strong></span> 
     </span>
     <span class='ocr_line' id='line_1_13' title="bbox 291 2387 1079 2475; baseline -0.003 -21"><span class='ocrx_word' id='word_1_79' title='bbox 291 2389 343 2454; x_wconf 90' lang='lat' dir='ltr'>Sic</span> <span class='ocrx_word' id='word_1_80' title='bbox 359 2387 464 2475; x_wconf 82' lang='lat' dir='ltr'>rigido</span> <span class='ocrx_word' id='word_1_81' title='bbox 480 2390 563 2451; x_wconf 89' lang='lat' dir='ltr'>latus</span> <span class='ocrx_word' id='word_1_82' title='bbox 578 2411 654 2452; x_wconf 90' lang='lat' dir='ltr'>ense</span> <span class='ocrx_word' id='word_1_83' title='bbox 669 2387 755 2452; x_wconf 83' lang='lat' dir='ltr'>ferit.</span> <span class='ocrx_word' id='word_1_84' title='bbox 774 2389 954 2452; x_wconf 70' lang='lat' dir='ltr'>Podalirius</span> <span class='ocrx_word' id='word_1_85' title='bbox 971 2389 1079 2452; x_wconf 73' lang='lat' dir='ltr'>Alsum</span> 
     </span>
     <span class='ocr_line' id='line_1_14' title="bbox 292 2528 1074 2616; baseline -0.003 -22"><span class='ocrx_word' id='word_1_86' title='bbox 292 2537 478 2606; x_wconf 86' lang='lat' dir='ltr'>Pastorem,</span> <span class='ocrx_word' id='word_1_87' title='bbox 493 2530 661 2616; x_wconf 84' lang='lat' dir='ltr'>primaque</span> <span class='ocrx_word' id='word_1_88' title='bbox 677 2530 743 2592; x_wconf 89' lang='lat' dir='ltr'>acie</span> <span class='ocrx_word' id='word_1_89' title='bbox 758 2552 818 2616; x_wconf 88' lang='lat' dir='ltr'>per</span> <span class='ocrx_word' id='word_1_90' title='bbox 832 2528 894 2593; x_wconf 90' lang='lat' dir='ltr'>tela</span> <span class='ocrx_word' id='word_1_91' title='bbox 908 2543 1074 2608; x_wconf 91' lang='lat' dir='ltr'>ruentem,</span> 
     </span>
     <span class='ocr_line' id='line_1_15' title="bbox 292 2667 1101 2755; baseline -0.004 -22"><span class='ocrx_word' id='word_1_92' title='bbox 292 2674 375 2733; x_wconf 85' lang='lat' dir='ltr'>Ense</span> <span class='ocrx_word' id='word_1_93' title='bbox 390 2691 528 2755; x_wconf 88' lang='lat' dir='ltr'>sequeus</span> <span class='ocrx_word' id='word_1_94' title='bbox 543 2669 631 2732; x_wconf 91' lang='lat' dir='ltr'>nudo</span> <span class='ocrx_word' id='word_1_95' title='bbox 649 2668 893 2755; x_wconf 89' lang='lat' dir='ltr'>superimminet</span> <span class='ocrx_word' id='word_1_96' title='bbox 907 2667 982 2730; x_wconf 85' lang='lat' dir='ltr'>:ille</span> <span class='ocrx_word' id='word_1_97' title='bbox 998 2668 1101 2730; x_wconf 85' lang='lat' dir='ltr'>securi</span> 
     </span>
     <span class='ocr_line' id='line_1_16' title="bbox 294 2804 1118 2891; baseline -0.004 -22"><span class='ocrx_word' id='word_1_98' title='bbox 294 2804 428 2870; x_wconf 75' lang='lat' dir='ltr'>Adversi</span> <span class='ocrx_word' id='word_1_99' title='bbox 443 2806 586 2870; x_wconf 84' lang='lat' dir='ltr'>frontem</span> <span class='ocrx_word' id='word_1_100' title='bbox 603 2806 740 2870; x_wconf 83' lang='lat' dir='ltr'>media&#39;m</span> <span class='ocrx_word' id='word_1_101' title='bbox 759 2821 969 2891; x_wconf 86' lang='lat' dir='ltr'>mentumque</span> <span class='ocrx_word' id='word_1_102' title='bbox 984 2805 1118 2869; x_wconf 90' lang='lat' dir='ltr'>reducta</span> 
     </span>
     <span class='ocr_line' id='line_1_17' title="bbox 295 2931 1020 3034; baseline -0.004 -27"><span class='ocrx_word' id='word_1_103' title='bbox 295 2931 436 3027; x_wconf 88' lang='lat' dir='ltr'>Disjicit,</span> <span class='ocrx_word' id='word_1_104' title='bbox 451 2959 484 3006; x_wconf 86' lang='lat' dir='ltr'>et</span> <span class='ocrx_word' id='word_1_105' title='bbox 495 2966 607 3030; x_wconf 88' lang='lat' dir='ltr'>sparso</span> <span class='ocrx_word' id='word_1_106' title='bbox 619 2944 683 3007; x_wconf 87' lang='lat' dir='ltr'>late</span> <span class='ocrx_word' id='word_1_107' title='bbox 697 2945 781 3028; x_wconf 86' lang='lat' dir='ltr'>rigat</span> <span class='ocrx_word' id='word_1_108' title='bbox 793 2966 879 3006; x_wconf 89' lang='lat' dir='ltr'>arma</span> <span class='ocrx_word' id='word_1_109' title='bbox 892 2943 1020 3034; x_wconf 68' lang='lat' dir='ltr'>cruores</span> 
     </span>
     <span class='ocr_line' id='line_1_18' title="bbox 298 3078 986 3165; baseline -0.001 -22"><span class='ocrx_word' id='word_1_110' title='bbox 298 3078 366 3143; x_wconf 92' lang='lat' dir='ltr'>Olli</span> <span class='ocrx_word' id='word_1_111' title='bbox 379 3079 459 3143; x_wconf 89' lang='lat' dir='ltr'>dura</span> <span class='ocrx_word' id='word_1_112' title='bbox 473 3078 564 3165; x_wconf 90' lang='lat' dir='ltr'>quies</span> <span class='ocrx_word' id='word_1_113' title='bbox 580 3079 691 3143; x_wconf 93' lang='lat' dir='ltr'>oculos</span> <span class='ocrx_word' id='word_1_114' title='bbox 706 3095 738 3142; x_wconf 88' lang='lat' dir='ltr'>et</span> <span class='ocrx_word' id='word_1_115' title='bbox 753 3079 877 3144; x_wconf 89' lang='lat' dir='ltr'>ferreus</span> <span class='ocrx_word' id='word_1_116' title='bbox 892 3095 986 3165; x_wconf 83' lang='lat' dir='ltr'>urget</span> 
     </span>
    </p>
   </div>
   <div class='ocr_carea' id='block_1_5' title="bbox 299 3214 1181 3294">
    <p class='ocr_par' dir='ltr' id='par_1_6' title="bbox 299 3214 1181 3294">
     <span class='ocr_line' id='line_1_19' title="bbox 299 3214 1181 3294; baseline 0.001 -15"><span class='ocrx_word' id='word_1_117' title='bbox 299 3217 455 3294; x_wconf 86' lang='lat' dir='ltr'>Sonrnus;</span> <span class='ocrx_word' id='word_1_118' title='bbox 473 3218 507 3280; x_wconf 94' lang='lat' dir='ltr'>in</span> <span class='ocrx_word' id='word_1_119' title='bbox 523 3232 676 3288; x_wconf 80' lang='lat' dir='ltr'>aeternam</span> <span class='ocrx_word' id='word_1_120' title='bbox 693 3216 889 3281; x_wconf 86' lang='lat' dir='ltr'>clauduntur</span> <span class='ocrx_word' id='word_1_121' title='bbox 902 3214 1023 3282; x_wconf 89' lang='lat' dir='ltr'>lumina</span> <span class='ocrx_word' id='word_1_122' title='bbox 1038 3233 1181 3282; x_wconf 89' lang='lat' dir='ltr'>noctem.</span> 
     </span>
    </p>
   </div>
   <div class='ocr_carea' id='block_1_6' title="bbox 345 3781 1148 3866">
    <p class='ocr_par' dir='ltr' id='par_1_7' title="bbox 345 3781 1148 3866">
     <span class='ocr_line' id='line_1_20' title="bbox 345 3781 1148 3866; baseline 0.007 -23"><span class='ocrx_word' id='word_1_123' title='bbox 345 3784 387 3843; x_wconf 76' lang='lat' dir='ltr'>tt</span> <span class='ocrx_word' id='word_1_124' title='bbox 401 3781 474 3866; x_wconf 88' lang='lat' dir='ltr'>pius</span> <span class='ocrx_word' id='word_1_125' title='bbox 489 3783 601 3846; x_wconf 85' lang='lat' dir='ltr'>AEneas</span> <span class='ocrx_word' id='word_1_126' title='bbox 617 3785 762 3849; x_wconf 86' lang='lat' dir='ltr'>dextram</span> <span class='ocrx_word' id='word_1_127' title='bbox 778 3786 932 3851; x_wconf 87' lang='lat' dir='ltr'>tendebat</span> <span class='ocrx_word' id='word_1_128' title='bbox 947 3787 1102 3851; x_wconf 87' lang='lat' dir='ltr'>inermem</span> <span class='ocrx_word' id='word_1_129' title='bbox 1118 3787 1148 3864; x_wconf 87' lang='lat'>⁵,</span> 
     </span>
    </p>
   </div>
   <div class='ocr_carea' id='block_1_7' title="bbox 302 3917 1080 4012">
    <p class='ocr_par' dir='ltr' id='par_1_8' title="bbox 302 3917 1080 4012">
     <span class='ocr_line' id='line_1_21' title="bbox 302 3917 1080 4012; baseline 0.009 -32"><span class='ocrx_word' id='word_1_130' title='bbox 302 3917 428 3984; x_wconf 88' lang='lat' dir='ltr'>Nudato</span> <span class='ocrx_word' id='word_1_131' title='bbox 441 3923 563 4009; x_wconf 90' lang='lat' dir='ltr'>capite,</span> <span class='ocrx_word' id='word_1_132' title='bbox 577 3939 673 4012; x_wconf 93' lang='lat' dir='ltr'>atque</span> <span class='ocrx_word' id='word_1_133' title='bbox 685 3949 759 3990; x_wconf 90' lang='lat' dir='ltr'>suos</span> <span class='ocrx_word' id='word_1_134' title='bbox 771 3925 911 3990; x_wconf 83' lang='lat' dir='ltr'>clamore</span> <span class='ocrx_word' id='word_1_135' title='bbox 923 3927 1058 3990; x_wconf 84' lang='lat' dir='ltr'>vocabat</span> <span class='ocrx_word' id='word_1_136' title='bbox 1073 3951 1080 3987; x_wconf 76' lang='grc' dir='ltr'><strong>ι</strong></span> 
     </span>
    </p>
   </div>
   <div class='ocr_carea' id='block_1_8' title="bbox 304 4059 1175 4151">
    <p class='ocr_par' dir='ltr' id='par_1_9' title="bbox 304 4059 1175 4151">
     <span class='ocr_line' id='line_1_22' title="bbox 304 4059 1175 4151; baseline 0.013 -33"><span class='ocrx_word' id='word_1_137' title='bbox 304 4084 318 4113; x_wconf 75' lang='lat' dir='ltr'>u</span> <span class='ocrx_word' id='word_1_138' title='bbox 335 4059 410 4140; x_wconf 89' lang='lat' dir='ltr'>Quo</span> <span class='ocrx_word' id='word_1_139' title='bbox 423 4062 533 4126; x_wconf 85' lang='lat' dir='ltr'>ruitis?</span> <span class='ocrx_word' id='word_1_140' title='bbox 551 4085 662 4148; x_wconf 84' lang='lat' dir='ltr'>quaeve</span> <span class='ocrx_word' id='word_1_141' title='bbox 673 4066 732 4130; x_wconf 88' lang='lat' dir='ltr'>ista</span> <span class='ocrx_word' id='word_1_142' title='bbox 743 4087 860 4151; x_wconf 89' lang='lat' dir='ltr'>repens</span> <span class='ocrx_word' id='word_1_143' title='bbox 875 4065 1035 4130; x_wconf 86' lang='lat' dir='ltr'>discordia</span> <span class='ocrx_word' id='word_1_144' title='bbox 1049 4067 1175 4151; x_wconf 81' lang='lat' dir='ltr'>surgit?</span> 
     </span>
    </p>
   </div>
   <div class='ocr_carea' id='block_1_9' title="bbox 0 0 1478 4810">
    <p class='ocr_par' dir='ltr' id='par_1_10' title="bbox 0 0 1478 4810">
     <span class='ocr_line' id='line_1_23' title="bbox 0 0 1478 4810; baseline 0 0"><span class='ocrx_word' id='word_1_145' title='bbox 0 0 1478 4810; x_wconf 95' lang='lat' dir='ltr'> </span> 
     </span>
    </p>
   </div>
  </div>
 </body>
</html>
