2952 4812
292 384 356 446 424
518 375 747 438 AENEIDOS
775 375 919 434 LIBER
946 369 1030 432 Xil'l.
1181 371 1270 418 v.863.

293 522 372 602 Quae
385 515 548 602 quondam
562 514 596 577 in
611 512 712 576 bustis
728 525 782 574 eut
797 509 989 573 culminibus
1003 505 1138 570 desertis

291 662 392 720 Nocte
407 653 520 718 sedens
535 675 643 717 serum
658 652 744 716 canit
757 653 941 737 importuna
957 671 1016 734 per
1032 650 1162 712 umbras
1177 674 1184 711 ε

252 817 257 828 ’
292 797 382 856 Hanc
393 811 484 855 verse
494 792 528 853 in
540 791 672 868 faciem,
689 789 789 855 Turni
805 810 837 850 se
852 787 950 873 pestis
966 786 1009 849 ob
1024 808 1081 848 ora

292 931 432 1014 Fertque
447 927 611 1012 refertque
626 949 762 1002 sonans,
780 926 994 1011 clypeumque
1011 925 1182 989 everberat
1198 925 1266 988 alis.

292 1062 345 1127 llli
358 1063 504 1128 membra
516 1085 621 1128 novus
635 1064 731 1128 solvit
746 1061 920 1127 formidine
937 1077 1063 1148 torpor,

293 1205 499 1290 Arrectaeque
510 1201 647 1266 horrore
659 1223 758 1264 comte
773 1249 781 1278 ‚
799 1215 832 1263 et
843 1221 904 1264 vox
920 1199 1063 1263 faucibus
1078 1199 1177 1262 haesit.

292 1341 351 1416 lt,
363 1338 478 1425 procul
490 1353 526 1401 ut
536 1339 622 1402 Dirae
632 1337 804 1403 stridorem
816 1339 948 1424 agnovit
959 1353 991 1400 et
1002 1337 1065 1400 alas
1078 1340 1115 1414 ¹¹,
1186 1421 1192 1432 ν

258 1565 261 1571 ¹
291 1475 407 1540 Infelix
417 1476 523 1542 crines
532 1477 649 1543 scindit
658 1481 797 1542 Juturna
808 1475 946 1552 solutos,

293 1613 461 1698 Unguibus
471 1633 529 1678 ore
539 1635 635 1678 soror
645 1613 767 1680 foedens
778 1627 811 1676 et
823 1626 954 1696 pectora
966 1612 1093 1702 pugnis.

296 2351 310 2380 a
327 2323 414 2406 Quid
424 2345 511 2387 nuuc
522 2337 555 2385 te
568 2337 640 2398 tua,
654 2325 778 2399 Turne,
793 2337 899 2407 potest
911 2346 1060 2409 germana
1068 2325 1209 2412 juvare?

293 2463 356 2524 Aut
367 2460 445 2546 quid
452 2465 518 2544 jam
530 2460 618 2523 durae
629 2476 759 2546 superat
769 2458 870 2522 mihi?
884 2483 945 2545 qua
957 2462 1016 2524 tihi
1028 2461 1134 2524 lucem

292 2600 369 2660 Arte
382 2599 513 2660 morer?
526 2597 614 2678 teliu’
627 2621 755 2683 possum
769 2621 821 2660 me
835 2620 1001 2686 opponere
1015 2601 1185 2665 monstro?

291 2734 426 2815 Jamjam
437 2731 550 2816 linquo
561 2733 655 2796 acies.
671 2735 717 2796 Ne
728 2755 780 2798 me
792 2748 912 2809 terrete
923 2733 1091 2800 timentem
1101 2782 1110 2810 „

294 2871 450 2934 Obscenae
460 2869 625 2946 volueres3
638 2871 761 2934 alarum
774 2873 908 2935 verbera
920 2893 1018 2934 nosco
1029 2920 1037 2948 ‚

291 3009 495 3094 Letalemque
506 3029 639 3084 sonum3
653 3030 715 3071 nee
726 3007 933 3090 falluntjussa
944 3009 1081 3094 superba

291 3147 485 3232 Magnanimi
493 3146 595 3210 lovis.
609 3151 682 3210 Haec
694 3170 755 3232 pro
769 3148 953 3236 virginitate
965 3147 1117 3234 reponit?

290 3287 366 3366 Quo
377 3285 475 3348 vitam
487 3284 577 3348 dedit
588 3299 758 3366 aeternam3
773 3308 831 3350 cur
842 3287 956 3350 mortis
967 3284 1115 3371 adempta
1128 3300 1177 3354 est

293 3419 470 3486 Conditio?
481 3427 614 3492 Possem
624 3439 731 3488 tentos
741 3424 836 3490 finire
847 3423 977 3545 dqlores

291 3561 385 3623 Nunc
396 3574 500 3637 certe,
514 3575 548 3622 et
557 3563 675 3627 misero
687 3562 780 3626 fratri
791 3572 897 3640 comes
908 3561 956 3626 ire
968 3580 1028 3652 per
1040 3561 1184 3624 umbras.

290 3699 484 3763 Immortalis
496 3701 579 3784 ego?
591 3719 646 3765 aut
657 3702 833 3792 quidquam
843 3701 922 3765 mihi
932 3701 1025 3764 dulce
1037 3721 1187 3763 meorum

291 3837 335 3896 'l’e
347 3833 431 3912 sine,
444 3835 557 3913 frater,
571 3837 654 3899 erit?
666 3841 695 3902 Ο
709 3861 779 3924 quae
790 3839 864 3902 satis
875 3838 936 3900 elta
949 3837 1090 3905 dehiscat

291 3977 389 4036 Terra
401 3972 497 4052 mihi,
508 3995 680 4058 manesque
692 3964 944 4044 deemdemittat
954 3975 993 4042 ud
1004 3977 1103 4041 imos!
1122 4003 1136 4030 ι»
