2894 4812
311 379 374 440 228
569 374 789 436 AENEIDOS
819 377 956 436 LIBER
986 376 1026 436 X.
1195 379 1289 436 nats

353 510 495 573 Caedicus
506 508 694 574 Alcathoum
705 511 894 589 obtruncat,
910 516 1060 577 Sacrator
1073 515 1264 604 Hydaspen,

310 646 581 730 Partheniumque
593 650 683 733 liupo
697 659 730 708 et
740 647 923 749 praedurum
936 648 1059 712 viribus
1071 653 1195 728 0rseu;

309 791 470 872 Messapus
478 779 710 867 Cloniumque,
723 783 982 869 Lycaoniumque
995 785 1160 863 Ericeten;

308 925 401 987 illum
415 921 548 986 infrenis
564 917 639 1006 equi
652 918 743 1006 lapsu
759 919 875 983 tellure
885 923 1065 1005 jacentem,

308 1067 401 1126 Hunc
416 1058 556 1145 peditem
571 1056 679 1143 pedes.
698 1059 739 1119 Et
753 1058 867 1142 Lycius
882 1074 1080 1143 processerat
1093 1037 1186 1146 Agis,

308 1202 413 1281 Quem
423 1211 530 1259 tamen
541 1195 626 1258 haud
637 1211 750 1280 expers
760 1192 896 1259 Valerus
906 1197 1034 1261 virtutis
1044 1201 1135 1264 aritae

305 1337 440 1421 Dejicit;
454 1335 668 1399 Authronium
684 1333 803 1411 Salius,
817 1333 1001 1420 Saliumque
1016 1337 1162 1415 Nealces,

306 1478 440 1564 Insignis
451 1474 557 1560 jaculo
574 1489 606 1536 et
621 1473 717 1560 longe
732 1471 862 1538 fallente
878 1477 1003 1561 sagitta.

345 2309 415 2377 Jam
430 2312 534 2397 gravis
548 2312 694 2396 aequabat
708 2313 813 2377 luctus
830 2328 862 2376 et
876 2330 986 2379 mutua
1001 2318 1126 2380 Mavors

304 2452 444 2524 Funera;
460 2448 624 2512 caedebant
638 2449 759 2535 pariter
770 2449 959 2536 'pariterque
972 2450 1112 2512 ruebant

303 2587 447 2650 Victores
460 2587 618 2671 victique,
632 2605 737 2670 neque
752 2584 800 2647 his
810 2575 889 2669 'fuga
903 2598 1097 2668 notansque
1111 2581 1187 2646 illis.
1260 2573 1277 2684 ¹)

300 2723 343 2788 Di
355 2723 444 2788 Joris
457 2721 491 2785 in
505 2723 597 2785 tectis
612 2722 692 2784 iram
707 2718 899 2784 miserantur
914 2720 1044 2783 inanem

299 2860 477 2924 Amborum
486 2904 495 2936 ,
512 2873 545 2922 et
560 2872 667 2921 tantos
682 2855 869 2921 mortalibus
884 2877 950 2920 esse
966 2855 1106 2920 labores.

298 2997 380 3060 Hinc
394 3000 520 3073 Venus,
532 2994 608 3082 hinc
623 3008 736 3058 contra
749 3007 876 3080 spectat
890 2994 1038 3066 Saturnia
1048 2997 1152 3068 ¹Juuo.

297 3133 417 3200 Pallida
431 3132 601 3220 Tisiphone
617 3129 722 3194 media
735 3131 823 3192 inter
836 3128 935 3196 millia
950 3131 1050 3240 sperit,

339 3712 381 3772 tt
395 3729 473 3774 vero
487 3706 652 3792 ingentem
667 3705 814 3792 quatiens
829 3704 1003 3767 Mezentius
1017 3704 1139 3768 hastam

291 3845 450 3911 Turbidus
460 3843 641 3930 ingreditur
653 3866 777 3930 campo.
794 3846 898 3925 Quam
910 3865 1044 3928 maguus
1056 3845 1182 3922 Orion,

292 3987 401 4066 Quum
415 3983 513 4070 pedes
529 3981 647 4046 incedit
662 3981 759 4046 medii
773 3989 832 4067 per
848 3984 983 4048 maxima
999 3983 1093 4046 Nerei
