2908 4810
274 416 334 476 366
513 411 735 475 AENEIDOS
767 415 903 476 LIBER
935 415 1014 477 x11.
1166 433 1261 480 v·²²⁹·

272 577 286 606 ι
302 552 373 612 Non
389 547 509 634 pudet,
528 569 548 610 o
564 546 693 625 Rutuli,
709 533 771 636 pro
782 550 906 613 cunctis
916 549 1034 614 talibus
1045 573 1145 616 unam

269 685 443 774 Objectare
454 683 613 747 animam?
624 705 804 751 numerous
816 710 858 751 an
871 688 992 752 viribus
1003 691 1086 775 aequi

272 825 340 886 Non
354 823 481 886 sumus?
492 826 540 886 En
553 846 665 887 omnes
678 840 710 886 et
721 829 819 888 Troes
834 840 867 888 ct
881 825 1019 890 Arcades
1030 826 1062 890 hi
1077 843 1174 905 sunt,

268 961 446 1048 Fatalisque
456 985 570 1042 manus
581 1009 592 1039 ,
605 962 729 1030 infensa
742 964 873 1029 Etruria
887 967 997 1028 Turno
1009 927 1034 1026 :⁸

269 1103 329 1164 Vix
339 1101 464 1166 hostem
477 1143 486 1177 ,
502 1099 621 1164 alterni
632 1100 659 1164 si
672 1099 935 1185 congrediamur,
948 1101 1115 1168 babemus.

269 1241 327 1308 llle
340 1242 470 1329 quidem
482 1242 522 1306 ad
537 1244 696 1329 Superos,
710 1261 851 1327 quornm
863 1263 897 1305 se
910 1241 1050 1307 devovet
1063 1245 1145 1321 aris,

269 1384 426 1451 Succedet
437 1383 536 1459 sama,
551 1357 706 1466 viiusque
719 1403 779 1467 per
793 1403 851 1444 ora
862 1379 1003 1445 feretur:

273 1525 351 1599 Nos,
368 1521 471 1609 patria
484 1519 614 1597 amissa,
628 1519 768 1583 dominis
778 1540 894 1606 parere
906 1519 1053 1605 superbis

121 1677 123 1683 '
169 1705 172 1710 -
271 1663 444 1748 Cogemur,
463 1658 519 1744 qui
533 1677 621 1724 nunc
633 1659 714 1724 lenti
725 1657 929 1722 consedimus
940 1657 1035 1721 arvis.
1053 1687 1068 1715 s

315 2552 443 2618 Talibus
454 2554 584 2618 incensa
595 2568 643 2616 est
652 2554 809 2636 juvenum
826 2550 986 2615 sententia
1000 2549 1095 2614 dictis

271 2696 342 2754 Jam
353 2691 454 2776 magis
465 2707 562 2776 atque
573 2689 688 2774 mcgim
707 2688 872 2775 serpitque
883 2708 943 2774 per
957 2688 1085 2772 agmina
1098 2706 1258 2752 murmur.

271 2830 335 2916 lpsi
352 2833 526 2893 Laurentes
537 2827 670 2904 mutati,
688 2827 814 2914 ipsique
833 2827 956 2890 latinii

273 2967 339 3048 Qui
353 2966 413 3032 sibi
419 2967 487 3049 jam
503 2964 648 3050 requiem
663 2988 781 3052 pugnae
797 2965 959 3066 rebusque
970 2965 1104 3028 salutem

272 3105 462 3189 sperabant,
477 3125 565 3167 nunc
576 3126 664 3194 arma
675 3104 808 3182 volunt,
826 3104 993 3189 foedusque
1004 3119 1183 3190 precantur

270 3239 447 3320 infectum,
466 3256 500 3304 et
513 3241 612 3306 Turni
626 3257 749 3304 sortem
764 3239 958 3305 miserantur
973 3240 1130 3325 iniquam.

272 3377 330 3440 His
344 3376 430 3441 aliud
441 3381 541 3463 majus
551 3384 691 3443 Juturna
703 3379 866 3464 adjungit,
881 3393 914 3442 ct
924 3378 991 3444 alto

273 3519 336 3578 Dat
344 3516 469 3602 signum
486 3517 588 3596 coe103
604 3540 669 3604 quo
685 3539 752 3582 non
767 3519 955 3605 praesentius
968 3500 1070 3582 ulium

206 3679 208 3688 ⁴
270 3653 425 3718 Turbavit
439 3670 563 3717 mentes
578 3643 689 3729 ltalnsi
708 3672 920 3743 monstroque
932 3657 1057 3721 fefellit.

270 3795 413 3878 Namque
428 3792 541 3857 volans
552 3796 652 3863 rubra
665 3796 771 3862 fulvus
781 3796 948 3862 Jovisales
960 3798 995 3862 in
1009 3796 1112 3863 ethra

266 3928 577 4016 Littoreasagittbat
588 3955 681 4013 aves,
699 3936 893 4021 turbamque
905 3951 1079 4004 sonantem

265 4065 408 4152 Agminis
418 4066 548 4153 aligeri3
564 4072 672 4135 subito
685 4089 785 4158 quum
797 4073 904 4159 lapsus
919 4073 960 4136 ad
978 4071 1078 4135 imdas
