2908 4810
274 393 337 456 350
514 386 749 450 AENEIDOS
777 387 923 448 LIBER
953 386 1037 447 xll.
1189 382 1267 445 v·⁵9·

273 531 317 590 Te
330 546 446 612 penes,
458 525 538 589 inte
552 524 656 588 omnis
668 522 782 588 domus
793 521 946 616 inclinata
958 522 1162 609 recumbit),

274 668 381 729 Unum
393 686 471 728 oro:
486 661 602 726 desiste
613 681 744 724 manum
758 645 962 723 committere
973 663 1115 724 Teucris.

274 803 341 887 Qui
352 819 384 868 te
395 825 534 889 cumque
545 817 677 865 manent
693 801 756 864 isto
768 801 944 865 certamine
960 822 1067 878 casus,

275 947 316 1007 Et
330 964 400 1016 me,
419 943 547 1019 Turne,
565 954 715 1003 manent:
734 938 828 1002 simul
843 938 910 1002 haec
921 938 1023 1002 invisa
1038 936 1223 1026 relinquam

275 1080 426 1155 Lumina;
442 1099 504 1142 nec
519 1099 673 1164 generum
688 1079 810 1141 AEnean
825 1078 950 1163 captiva
965 1076 1093 1142 videbo.
1110 1108 1124 1136 s

276 1217 409 1304 Accepit
419 1236 533 1281 vocem
548 1213 697 1302 lacrymis
709 1216 840 1280 Lavinia
852 1217 980 1294 matris,

276 1355 462 1441 Flagrantes
476 1351 604 1453 perfusa
620 1374 735 1438 genas3
750 1353 802 1416 cui
813 1352 972 1440 plurimus
985 1354 1094 1440 ignem

276 1491 420 1577 Subjecit
435 1491 538 1555 rubor
549 1504 582 1554 et
598 1489 748 1552 calefacta
760 1511 820 1576 per
832 1511 890 1553 ora
906 1491 1061 1554 cucurrit.

276 1632 393 1696 Indum
405 1629 582 1716 sanguineo
599 1627 700 1692 veluti
717 1626 886 1693 violaverit
901 1643 991 1693 ostro

278 1768 313 1833 si
325 1768 396 1854 quis
409 1767 509 1841 ebur;
526 1779 581 1828 aut
595 1765 695 1828 mixta
705 1766 826 1828 rubent
840 1765 896 1829 ubi
907 1764 973 1830 lilia
987 1766 1088 1832 multa

279 1907 360 1972 Alba
374 1927 467 1971 rosa:
485 1904 564 1969 tales
574 1905 668 1991 virgo
680 1903 776 1968 dabat
792 1926 849 1968 ore
861 1905 998 2000 colores.

279 2043 373 2106 Illum
384 2043 495 2107 turbat
505 2063 608 2118 amer,
622 2041 756 2126 figitque
770 2039 805 2104 in
819 2041 944 2127 virgine
956 2041 1084 2106 vultus:

281 2182 384 2247 Ardet
396 2182 431 2246 in
444 2203 531 2244 arma
547 2179 666 2266 magis,
680 2178 854 2265 paucisque
867 2178 983 2243 affatur
997 2185 1155 2244 Amatam:

279 3331 349 3390 «Ne
359 3373 369 3406 ,
381 3350 488 3414 quaeso
500 3377 509 3409 ‚
522 3301 564 3394 ne
580 3352 631 3394 me
646 3331 813 3418 lacrymis,
826 3325 909 3398 nere
921 3333 1029 3397 omine
1041 3348 1156 3410 tanto,

277 3471 479 3552 Prosequere
490 3469 615 3534 induri
629 3468 804 3534 certamina
816 3472 925 3537 Martis
941 3487 1090 3547 euntem,

278 3604 308 3665 0
324 3605 447 3664 mater!
465 3606 672 3689 nequeenim
686 3611 796 3672 Turno
811 3629 903 3672 mora
917 3607 1019 3673 libera
1031 3609 1159 3672 mortis.

276 3739 413 3802 Nuntius
423 3738 509 3817 haec,
526 3740 659 3822 Idmon,
676 3739 818 3831 Phrygio
833 3769 903 3810 mea
916 3746 1001 3811 dicta
1012 3762 1155 3833 tyranno

277 3874 370 3937 Haud
385 3875 543 3961 placitura
554 3881 659 3944 refer:
673 3905 772 3968 quum
787 3885 929 3969 primum
945 3884 1085 3949 crastina
1102 3884 1187 3948 coelo

277 4012 425 4076 Puniceis
435 4016 563 4080 invecta
574 4019 654 4082 rotis
665 4024 789 4085 Aurora
797 4022 951 4098 rubescit,
