2872 4816
293 441 355 501 lla
534 436 764 499 AENEIDOS
794 435 937 498 LIBER
964 437 1029 497 tx.
1187 436 1276 500 t¹³⁹⁵·

291 581 359 640 Nec
373 575 509 662 longum
524 573 559 638 iu
571 571 678 637 medio
693 587 837 659 tempus,
852 595 954 659 quum
968 571 1091 637 clamor
1105 573 1147 637 ad
1164 595 1258 641 aures

294 711 465 788 Pervenit,
482 733 519 774 ac
534 709 624 775 videt
637 709 828 796 Euryalum,
845 733 942 796 quem
949 712 1017 794 jam
1030 731 1145 774 manus
1156 711 1277 788 omnis,

293 851 419 916 Fraude
429 850 494 916 loci
508 865 542 915 et
551 851 678 929 noctis,
695 837 803 915 subito
816 851 969 916 turbante
984 850 1143 928 tumultu,

293 991 496 1076 Oppressum
511 989 596 1076 rapit
612 1004 645 1053 et
656 1005 828 1054 conantem
843 987 984 1086 plurima
997 988 1126 1052 frustra.

295 1126 384 1212 Quid
394 1127 511 1190 faciat?
521 1149 586 1213 qua
599 1127 632 1192 ri
641 1128 817 1210 juvenem,
833 1126 951 1211 quibus
961 1124 1077 1190 audeat
1092 1127 1190 1190 armis

294 1267 453 1355 Eripere?
467 1288 510 1329 an
521 1287 589 1330 sese
601 1264 724 1328 medios
734 1263 912 1328 moriturus
922 1264 957 1327 in
972 1285 1064 1329 enses
1093 1280 1096 1287 '

297 1403 437 1481 luserat,
453 1417 488 1467 et
502 1401 671 1490 pulchram
685 1417 842 1489 properet
856 1423 917 1488 per
931 1401 1067 1467 vulnera
1081 1403 1239 1467 mortem?

300 1542 400 1607 Ocius
414 1539 553 1604 adducto
570 1555 726 1626 torquens
737 1539 851 1604 hastile
863 1538 1007 1618 lacerto,

300 1679 484 1773 suspiciens
498 1679 595 1742 altam
608 1679 737 1758 lunam,
755 1677 801 1742 sic
812 1699 891 1743 voce
902 1693 1073 1764 precatur:

301 1843 318 1872 ι
328 1819 394 1894 Tu,
411 1814 483 1894 dea,
495 1831 533 1880 tu
543 1787 683 1903 praesens
693 1831 807 1880 nostro
821 1837 973 1880 succurre
982 1815 1106 1895 labori,

301 1958 473 2018 astrorum
483 1952 580 2017 decus
588 1999 599 2033 ,
615 1966 649 2016 et
658 1974 830 2018 nemorum
844 1954 977 2019 latonia
989 1969 1108 2019 custos.

303 2092 337 2158 Si
348 2113 412 2178 qua
426 2091 490 2155 tuis
500 2112 643 2177 unquam
655 2113 717 2179 pro
732 2115 784 2156 me
794 2109 887 2180 pater
899 2094 1058 2180 Hyrtacus
1068 2091 1132 2155 aris

302 2236 398 2295 Dona
413 2229 507 2306 tulit3
523 2229 549 2292 si
563 2252 627 2315 qua
637 2230 706 2317 ipse
722 2231 801 2295 meis
815 2232 990 2302 venatibus¹
999 2230 1088 2308 auxi,

304 2369 505 2457 suspendive
518 2370 628 2452 tholo,
645 2387 701 2436 aut
715 2394 803 2437 sacra
818 2373 859 2436 ad
873 2372 997 2460 fastigia
1011 2371 1067 2436 fixi
1079 2397 1087 2448 3

303 2515 398 2577 Hunc
411 2512 480 2578 sinc
490 2535 543 2578 me
553 2513 685 2579 turbare
696 2513 848 2600 globum,
861 2529 895 2578 et
905 2535 982 2600 rege
993 2513 1056 2578 tela
1067 2529 1128 2598 per
1138 2531 1261 2575 auras.»

352 3395 504 3474 Dixerat3
522 3411 556 3459 et
574 3411 643 3460 toto
658 3397 815 3462 connixus
830 3420 968 3485 corpore
979 3400 1101 3464 ferrum

310 3531 468 3616 Conjicit:
484 3533 574 3599 basta
587 3534 700 3601 volans
714 3537 819 3601 noctis
830 3537 1016 3602 diverberat
1030 3539 1178 3615 umbras,

308 3675 350 3736 Et
362 3672 453 3736 venit
464 3673 569 3737 aversi
580 3675 614 3739 in
626 3691 756 3762 tergum
771 3665 951 3755 Sulmonis,
966 3675 1076 3762 ibique

308 3810 500 3894 Frangitur,
516 3831 553 3872 aa
567 3811 640 3877 fisso
658 3814 772 3877 transit
783 3814 960 3900 proecordia
973 3815 1075 3903 ligno.

306 3947 456 4013 Volvitur
469 3947 524 4012 illo
540 3973 672 4017 vomens
687 3953 825 4019 calidum
838 3955 878 4020 de
894 3972 1027 4043 pectore
1039 3957 1160 4022 flumen

302 4084 468 4171 Frigidus,
481 4102 515 4151 et
528 4087 636 4173 longis
652 4089 846 4176 singultibus
856 4092 909 4156 ilia
927 4094 1046 4180 pulsat.
