2924 4808
271 425 317 494 86]
506 429 738 490 AENEIDOS
771 429 916 490 LIBER
948 432 1009 490 IX.
1159 445 1266 490 ”1¹ss

270 566 533 655 Delphinumque
544 567 642 629 modo
654 565 806 640 demersis
818 589 946 651 aequora
959 568 1071 630 rostris

271 713 337 770 lma
349 722 476 792 petunt.
491 706 574 768 Hinc
585 705 737 791 virgineae
752 705 916 790 (mirabile
927 708 1144 794 monstrum),

273 849 379 934 [Quot
389 848 479 933 prius
490 863 593 910 aeratae
604 861 760 909 steterant
770 847 811 909 ad
821 846 932 910 littora
943 849 1080 936 prorae]‚

272 982 425 1046 Reddunt
439 1005 472 1045 se
483 981 618 1046 totidem
631 982 743 1060 facies,
758 998 927 1068 pontoque
939 984 1101 1048 feruntur..

275 1121 482 1205 Obstupuere
494 1119 609 1183 animis
620 1119 749 1195 Rutuli3
764 1120 960 1182 conterritus
970 1121 1038 1205 ipse

274 1259 422 1321 Turbatis
433 1261 593 1343 Messapus
604 1258 712 1344 equis3
730 1274 900 1322 cunctatur
911 1273 944 1321 et
955 1259 1057 1322 amnis

276 1403 381 1488 Rauca
393 1419 527 1474 sonans,
540 1410 735 1480 revocatque
747 1396 862 1482 pedem
873 1398 1043 1461 Tiberinus
1053 1400 1093 1461 ab
1104 1401 1183 1464 alto.

277 1540 321 1600 At
331 1559 399 1599 non
410 1536 521 1599 audaci
533 1535 626 1599 cessit
637 1535 753 1599 fiducia
764 1541 874 1601 Turno
886 1564 893 1612 ;
999 1578 1002 1584 ,

277 1672 371 1736 Ultro
382 1673 505 1738 animos
515 1673 601 1736 tollit
612 1673 707 1736 dictis
715 1720 724 1752 ‚
740 1688 837 1758 etque
848 1675 994 1760 increpat
1007 1675 1114 1738 ultro:

284 2437 297 2464 «
312 2413 466 2493 Trojauos
477 2413 544 2506 haec
556 2432 699 2479 monstra
711 2433 846 2503 petunt;
862 2419 910 2481 his
921 2421 1050 2506 Jupiter
1060 2421 1128 2508 ipse

281 2546 442 2611 Auxilium
454 2551 584 2616 solitum
596 2555 715 2642 eripuit
727 2581 734 2618 :
748 2580 817 2620 non
829 2557 892 2620 tela
902 2581 964 2621 nec
974 2558 1065 2644 ignes

282 2689 476 2771 Exspectant
486 2691 633 2755 Rutulos.
649 2697 736 2780 Ergo
748 2695 847 2757 maria
858 2695 943 2760 invia
954 2699 1098 2772 Teucris,

283 2829 348 2890 Nec
360 2850 431 2913 spes
445 2829 508 2895 ulla
519 2830 601 2915 fugae
637 2855 746 2895 rerum
759 2856 833 2919 pars
844 2836 944 2900 altera
956 2837 1104 2925 adempta
1116 2854 1182 2913 est;

283 2967 380 3027 Terra
392 2979 498 3028 autem
510 2964 544 3027 in
558 2968 677 3030 nostris
688 2970 835 3034 manibus
846 2998 854 3048 3
868 2989 918 3036 tot
929 2975 1027 3038 millia
1039 2991 1150 3060 gentes
1176 2970 1180 2980 ’

284 3109 380 3168 Arma
392 3107 501 3170 lerunt
512 3107 609 3171 Italae.
625 3109 675 3172 Nil
687 3134 737 3174 me
748 3112 854 3176 fatalia
866 3130 1008 3195 terrent,

286 3246 320 3310 Si
332 3269 394 3332 qua
406 3249 551 3335 Phryges
561 3272 627 3334 prae
638 3273 672 3314 se
679 3254 802 3335 jactant
813 3277 966 3342 responsa
977 3255 1127 3322 deorum.

287 3387 342 3448 Sat
352 3384 424 3450 fatis
434 3390 617 3476 Venerique
627 3390 736 3454 datum
749 3393 883 3478 tetigere
895 3396 984 3481 quod
995 3418 1070 3461 arva

233 3493 236 3500 Ι
286 3523 412 3586 Fertilis
422 3528 569 3590 Ausoniae
582 3532 682 3592 Troes
697 3555 704 3590 ε
719 3546 837 3594 suntet
848 3555 918 3597 mea
930 3551 1042 3598 contra

287 3663 362 3722 Fata
374 3661 451 3724 milri
462 3661 550 3728 ferro
562 3667 748 3733 sceleratam
759 3670 944 3735 exscindere
955 3686 1100 3758 gentem,

289 3797 435 3884 Conjuge
447 3819 616 3889 praerepta.
631 3811 696 3870 Nee
707 3809 792 3874 solos
804 3813 905 3898 tangit
914 3812 1041 3876 Atridas

288 3939 350 3998 lste
363 3936 468 4015 dolor,
482 3939 620 4027 solisque
631 3944 707 4010 lieet
717 3969 831 4033 capere
842 3970 929 4012 arma
940 3951 1093 4035 Mycenis.

291 4077 353 4140 Sed
364 4078 496 4164 periisse
507 4081 603 4143 semel
615 4085 688 4147 satis
701 4101 759 4150 est.
773 4090 911 4150 Peccare
923 4088 1032 4150 fuisset
