2924 4808
289 427 331 487 28
502 422 739 488 AEttulnos
772 422 918 484 LlBER
951 419 1060 481 vl11.·
1177 415 1268 464 ¹³³⁰&

332 559 412 623 Exin
427 581 460 622 se
475 557 584 622 cuncti
594 555 717 621 'divinis
731 556 829 620 rebus
843 556 883 619 ad
899 557 1013 642 urbem
1052 615 1053 618 ,

287 699 443 762 Perleetis
459 697 618 761 referunt.
636 697 706 760 lba't
721 717 777 760 rex
793 693 916 759 obsitus
930 719 1016 795 aava,

288 829 328 898 Et
343 831 493 900 comitem
509 823 629 899 AEneau
642 835 733 917 juxta
749 836 925 928 natumque
941 829 1073 897 tenebat

226 984 229 989 ’
286 975 493 1061 Ingrediens,
510 976 664 1059 varioque
679 947 763 1036 viam
779 941 927 1036 sermone
942 945 1079 1036 levabat.
1096 1063 1097 1066 Ἴ

287 1113 432 1189 Miratur,
448 1109 747 1196 facilesqueoculos
761 1109 826 1173 fert
839 1109 946 1172 omnia
960 1109 1099 1184 circum,

288 1255 418 1328 AEneas,
438 1249 627 1337 capiturque
642 1246 740 1323 locis3
758 1262 792 1310 et
805 1246 931 1333 singula
946 1245 1058 1310 letus?

262 1449 263 1452 ,
286 1385 497 1470 Exquiritque
512 1385 664 1471 auditque
678 1386 783 1449 virum
799 1399 1007 1448 monumenta
1022 1383 1179 1468 priorum.

285 1513 366 1587 Tuni
381 1513 438 1588 rex
454 1513 636 1601 Evandrus,
653 1515 806 1586 Romanae
820 1511 971 1584 eonditor
985 1521 1089 1584 areis:

285 1665 360 1726 Haeo
371 1685 506 1727 nemora
518 1661 677 1748 indigenae
689 1659 788 1724 Fauni
802 1660 1020 1746 Nymphaeque
1032 1629 1205 1746 tenebant,
1238 1731 1241 1736 ,

285 1797 438 1883 Gensque
452 1800 559 1864 virum
573 1799 697 1863 truncis
710 1813 743 1861 et
757 1797 840 1860 duro
856 1795 977 1859 robore
993 1812 1067 1860 nata
1076 1803 1091 1872 ;'
1183 1835 1184 1838 =
1260 1804 1267 1832 ³

287 1938 388 2018 Queis
399 1959 505 2023 neque
517 1959 603 2012 mos,
616 1959 723 2021 neque
735 1936 840 1998 uultus
851 1950 935 2010 erat3
948 1957 1009 1998 neo
1018 1938 1156 2020 jungere
1167 1949 1295 2010 tauros,

286 2041 350 2135 Aut
366 2059 562 2157 componere
576 2093 654 2158 opes
669 2087 789 2134 norant
799 2118 807 2147 ,
818 2077 880 2133 'aut
894 2069 1028 2156 parcere
1043 2086 1137 2157 parto
1150 2097 1158 2146 3

287 2211 350 2275 Sed
365 2209 463 2286 rarui,
481 2224 578 2296 atque
593 2230 687 2294 asper
701 2187 938 2272 victu'reuatus
953 2205 1069 2270 alebat.
1136 2188 1138 2194 ⁵

285 2347 412 2431 Primus
427 2348 467 2412 ab
483 2346 615 2425 aetherio
630 2346 721 2411 venit
737 2348 894 2409 Saturnus
910 2327 1063 2432 olympo,
1084 2383 1087 2388 ·
1157 2323 1160 2332 ‚

283 2488 379 2549 Arma
393 2485 482 2548 Jovis
498 2485 642 2570 fugiens,
660 2500 693 2548 et
708 2484 817 2572 regnis
834 2482 922 2546 exsul
938 2479 1106 2570 ademptis.

284 2625 315 2684 ls
328 2641 429 2706 genus
442 2618 582 2684 indocile
596 2620 828 2707 a'o'dispersum
843 2619 1008 2682 montibus
1023 2619 1095 2682 altis
1134 2639 1136 2647 ·
1223 2635 1226 2642 “

285 2759 491 2844 Composuit,
510 2757 662 2844 legesque
678 2757 785 2834 dedit,
804 2757 991 2842 Latiumque
1008 2759 1116 2821 vocari

283 2898 412 2975 Maluit,
429 2899 481 2962 his
493 2898 646 2983 quoniam
659 2871 802 2960 latuisset
819 2875 908 2960 tutus
922 2871 957 2960 in
973 2867 1050 2964 oris.

285 3038 386 3101 Aurea
402 3034 680 3122 quae-perhibent,
696 3032 753 3097 illo
768 3033 828 3096 sub
843 3055 919 3118 rege
935 3033 1067 3096 fuerunt

285 3181 426 3256 Saecula3
442 3176 628 3264 sio-placida
643 3176 781 3263 populos
796 3177 831 3238 in
845 3197 924 3261 pace
938 3175 1094 3260 regebat:
1124 3183 1127 3188 '

282 3317 437 3382 Deterior
452 3315 557 3379 donee
571 3314 724 3401 paulatim
742 3336 777 3377 ac
792 3313 927 3377 decolor
941 3303 1033 3390 aetas,

206 3539 209 3545 .
285 3455 325 3515 Et
339 3451 416 3516 belli
432 3453 555 3532 rabies,
574 3469 608 3517 et
622 3475 714 3516 amor
729 3452 879 3515 successit
896 3437 1055 3513 habendis

284 3595 366 3653 Tum
380 3610 492 3652 manus
506 3592 650 3680 Ausonia!
661 3605 695 3676 et
708 3606 820 3676 gentes
836 3609 955 3654 venere
973 3586 1112 3662 Sicanoe3

286 3726 407 3813 Saepius
421 3739 454 3788 et
469 3747 589 3790 nomen
602 3727 709 3814 posuit
725 3726 875 3792 Saturnia
893 3725 1011 3790 tellus:
1047 3779 1049 3782 .

284 3869 365 3927 Tum
380 3883 472 3948 reges
482 3893 499 3939 ,·
508 3883 665 3949 asperque
679 3863 810 3928 immani
824 3858 962 3948 corpore
977 3861 1133 3948 Thybris,

185 3971 187 3974 Ι
287 4003 313 4063 Α
329 4023 394 4088 quo
410 4015 484 4085 post
498 4000 570 4063 Itali
583 4001 715 4066 fluvium
732 4001 925 4086 cognomine
938 3999 1094 4086 Thybrim
