2894 4812
342 407 399 466 194
579 395 973 466 AENElltostlBER
1001 402 1042 464 X.
1226 401 1314 448 ⁸3⁸¹·

333 544 384 606 Fit
398 547 517 630 Lagus:
534 542 639 618 huuc,
657 561 774 627 magno
786 538 876 604 vellit
886 540 963 605 dum
973 539 1121 626 pondere
1132 558 1255 618 sarum.

332 684 462 744 intorto
477 679 547 766 tigit
561 678 642 756 telo,
660 676 844 741 discrimina
857 677 954 742 costis

333 819 396 879 Per
407 814 547 878 medium
561 835 624 900 qua
638 812 729 899 spina
742 781 850 888 dedit,
866 811 1052 897 hastamque
1065 828 1210 899 receptat

333 953 467 1020 Ossibus
481 953 668 1018 herentem.
686 954 792 1036 Quem
806 972 875 1016 non
885 947 981 1038 super
992 965 1132 1038 occupat
1145 950 1267 1028 Hisbo,

330 1089 389 1153 lllc
404 1089 536 1175 quidem
551 1090 614 1153 hoc
629 1111 762 1176 sperans
774 1114 783 1153 ε
797 1111 873 1152 narn
888 1089 992 1154 Pallas
1004 1104 1080 1154 ante
1094 1103 1266 1168 ruentem,

331 1231 417 1290 Dum
433 1225 530 1305 furit,
548 1227 711 1291 incautum
723 1226 846 1290 crudeli
856 1241 962 1292 morte
976 1226 1092 1290 sodalis

330 1365 473 1452 Excipit,
489 1379 586 1451 atque
601 1388 710 1429 ensem
721 1365 843 1430 tumido
858 1366 892 1430 in
903 1365 1057 1454 pulmone
1072 1364 1231 1431 recondit.

331 1503 415 1568 Hinc
427 1503 617 1570 Sthenelum
631 1503 731 1590 petit,
749 1520 781 1568 et
794 1504 901 1569 Rhoeti
911 1505 952 1569 de
964 1501 1060 1612 gente
1077 1521 1200 1570 vetusta

329 1641 579 1719 Anchemolum,
593 1641 747 1706 thalamos
756 1663 866 1708 ausum
878 1644 1035 1708 incestare
1047 1665 1206 1710 uorercae.

374 2342 439 2404 Vos
455 2339 550 2402 etiam
564 2336 684 2425 gemini
695 2335 822 2401 Rutulis
837 2335 995 2402 cecidistis
1005 2335 1040 2400 in
1051 2337 1136 2403 arvis
1145 2383 1154 2415 ‚
1193 2375 1197 2396 ›
1249 2360 1251 2364 ·

328 2475 465 2555 Daucia,
479 2474 591 2540 Laride
605 2475 851 2564 Thymberque,
869 2441 1028 2538 simillima
1038 2473 1148 2560 proles
1164 2475 1196 2552 ⁸,

329 2611 504 2676 indiscreta
514 2611 598 2691 suis,
615 2628 788 2700 gratosque
803 2610 992 2698 parentibus
1003 2632 1109 2674 error.

328 2754 371 2815 ht
386 2772 474 2815 nuuc
489 2750 569 2815 dura
585 2749 674 2814 dedit
685 2750 777 2817 robis
791 2747 974 2813 discrimina
988 2747 1112 2812 Pallas:

328 2891 408 2953 Nam
426 2887 501 2967 tibi,
518 2888 699 2974 Thymbre,
717 2901 813 2974 caput
828 2885 1006 2952 Evandrius
1020 2886 1153 2952 abstulit
1167 2889 1269 2966 ensis3

326 3027 371 3087 Te
385 3023 489 3088 decisa
503 3047 595 3089 sunm
603 3071 613 3102 ,
631 3023 760 3101 Laride,
773 3022 905 3088 dextera
917 3025 1047 3111 quoerit,

329 3163 600 3248 Semianimesque
615 3165 736 3228 micant
748 3163 859 3250 digiti,
875 3163 1061 3250 ferrumque
1075 3174 1262 3228 retractant.

374 3894 511 3958 Arcadas
524 3917 673 3964 accensus
683 3898 828 3980 monitu,
844 3915 878 3966 et
894 3900 1046 3988 preclara
1061 3915 1188 3968 tuentes

329 4031 422 4093 Facta
437 4029 516 4111 riri,
535 4033 652 4098 mixtus
666 4034 806 4101 doloret
820 4037 928 4123 pudor
937 4053 1039 4103 armat
1052 4039 1088 4102 in
1098 4038 1217 4104 hostes.
