2924 4808
333 395 371 453 st
573 393 804 455 AENEIDOS
836 383 982 455 LIBER
1013 397 1077 456 lx.
1228 399 1314 442 Μώ-

329 526 497 591 Sublatum
516 527 653 603 erudiit;
668 549 728 590 nec
745 543 851 591 tecum
869 529 941 592 talia
954 531 1059 614 gessi,

330 667 567 752 Magnanimum
583 669 703 730 AEnean
718 682 751 729 et
761 667 825 730 fata
841 683 983 732 extrema
998 685 1138 732 secutus.

331 809 386 868 Est
397 805 469 882 hic,
485 820 532 868 est
547 805 672 868 animus
684 805 764 869 lucis
779 820 999 892 contemptor,
1018 822 1050 869 et
1065 801 1162 869 istum

331 944 395 1026 Qui
407 944 473 1006 vita
488 945 572 1007 bene
585 945 695 1008 credat
713 945 796 1023 emi,
814 966 879 1028 quo
894 943 1016 1021 tendis,
1031 944 1225 1008 honorem.»

331 1083 422 1145 Nisus
437 1082 477 1145 ad
492 1082 577 1146 haec:
595 1111 609 1140 α
625 1083 832 1168 Equidemde
848 1099 880 1147 te
896 1084 943 1148 nil
960 1084 1023 1148 tale
1034 1085 1181 1161 verebar,

330 1223 395 1283 Nec
408 1219 469 1296 fas;
487 1243 573 1284 non:
591 1221 634 1284 ita
650 1243 701 1284 me
717 1221 837 1285 referat
848 1222 908 1285 tibi
920 1244 1053 1308 maguus
1067 1237 1218 1286 ovantem

328 1361 472 1447 Jupiter,
485 1374 542 1423 aut
557 1359 751 1444 quicumque
762 1359 863 1422 oculis
878 1358 945 1422 haee
956 1359 1091 1445 adspicit
1104 1362 1212 1446 aequis.

331 1498 414 1575 Sed,
432 1499 457 1560 si
469 1498 540 1583 quis
551 1497 563 1584 (
574 1520 644 1583 quae
660 1497 760 1560 multa
777 1496 864 1560 vides
881 1497 1066 1561 discrimine
1083 1499 1173 1584 tali),
1230 1509 1232 1514 ’

331 1637 365 1700 Si
380 1637 452 1722 quis
464 1638 498 1700 in
513 1637 682 1700 adversum
696 1636 800 1722 rapiat
811 1658 941 1700 casusve
956 1637 1094 1712 deusve,

330 1779 373 1836 Te
387 1797 552 1859 superesse
563 1775 674 1837 velim:
689 1789 744 1836 tua
761 1773 825 1836 vita
840 1774 970 1858 dignior
985 1788 1071 1836 aetas.

331 2676 380 2739 Sit
391 2673 447 2758 qui
460 2695 512 2735 me
523 2686 651 2757 raptum
665 2692 792 2755 pugna,
806 2669 954 2755 pretiove
971 2667 1193 2754 redemptum,

331 2815 460 2881 Mandet
471 2813 570 2875 humo
581 2809 693 2884 solita3
711 2822 786 2885 aut,
803 2808 830 2870 si
847 2829 909 2892 qua
925 2808 1104 2872 idfortuna
1118 2809 1259 2883 vetabit,

330 2955 465 3020 Absenti
478 2954 561 3016 ferat
574 2948 719 3025 inferias,
739 2948 937 3033 decoretque
953 2950 1114 3035 sepulcro.
1184 2931 1186 2936 ⁵

330 3101 398 3158 Neu
413 3091 510 3156 matri
520 3087 643 3152 miserae
654 3087 735 3149 tanti
746 3088 804 3150 sim
823 3110 915 3150 causa
932 3088 1072 3164 doloris,

331 3238 411 3317 Quae
427 3247 476 3302 te,
494 3199 578 3304 sola,
592 3247 686 3312 puer,
700 3225 809 3288 multis
821 3248 838 3287 e
849 3226 1005 3326 matribus
1016 3249 1106 3303 ausa,

331 3370 551 3456 Persequitur,
565 3364 744 3451 magninec
759 3364 877 3428 moenia
892 3379 985 3428 curat
995 3367 1126 3428 Acestae.
1137 3385 1160 3421 ·»

329 3510 389 3573 Ille
400 3525 527 3572 autem:
546 3535 560 3564 a
577 3507 694 3568 Causas
709 3503 925 3589 nequicquam
938 3505 1039 3567 nectis
1054 3505 1186 3578 inanes,

331 3649 396 3709 Nec
413 3666 483 3706 mea
490 3646 555 3725 jam
571 3656 693 3706 mutata
704 3639 777 3702 loco
792 3640 951 3704 sententia
967 3639 1063 3703 cedit.

331 3783 568 3856 Acceleremus,
585 3809 599 3838 n
615 3782 674 3842 ait:
694 3779 806 3865 vigiles
818 3779 911 3843 simul
929 3780 1065 3854 excitat;
1083 3778 1130 3840 illi

331 3920 534 3996 Succedunt,
551 3933 744 4001 servantque
757 3915 859 3976 vices:
877 3917 1015 3980 statione
1032 3915 1143 3978 relicta

330 4065 402 4148 lpse
419 4079 525 4122 comes
542 4055 616 4119 Niso
632 4054 789 4140 graditur,
808 4075 983 4138 regemque
998 4053 1182 4138 requirunt.
