2924 4808
289 391 328 450 82
531 381 761 446 AENEIDOS
791 379 935 440 LIBER
965 377 1023 436 tx.
1201 372 1271 430 ctu,

288 531 360 610 Qua
372 537 475 587 tentet
489 521 615 585 ratione
626 519 746 594 aditus,
761 531 794 579 et
805 537 875 601 quse
887 514 936 578 via
950 513 1074 576 clausos

286 663 433 726 Excutiat
443 665 584 726 Teucros
596 655 698 732 vallo,
713 669 809 738 atque
821 651 966 715 effundat
976 651 1011 712 in
1023 672 1146 734 aequor.

287 799 446 875 Classem,
461 819 533 881 quat
545 793 637 857 lateri
650 806 829 855 castrorum
842 789 993 871 adjuncta
1003 788 1124 851 latebat
1137 837 1144 862 ,

283 934 462 1019 Aggeribus
476 947 606 1017 saeptam
621 930 741 992 circum
756 943 789 990 et
802 925 983 990 fluvialibus
998 924 1107 1001 undis,

285 1074 427 1150 luvadit;
443 1072 610 1156 sociosque
625 1067 773 1132 incendia
791 1066 895 1152 poscit
914 1079 1065 1134 ovantem

285 1220 389 1302 Atque
403 1233 531 1276 manum
544 1212 624 1298 pinu
635 1209 784 1295 flagranti
797 1206 940 1270 fervidus
953 1204 1078 1290 implet.

285 1361 367 1420 Tum
378 1374 456 1416 vero
469 1351 681 1414 incumbunt:
698 1361 792 1432 urget
803 1343 973 1430 praesentia
985 1343 1104 1419 Turni,

285 1498 390 1582 Atque
403 1493 507 1558 omnis
521 1490 643 1554 facibus
653 1489 756 1574 pubes
772 1484 952 1571 accingitur
964 1485 1053 1549 atris.

285 1631 459 1720 Diripuer'e
473 1630 582 1705 focos3
598 1629 725 1714 piceum
741 1627 806 1688 fert
820 1625 940 1688 fumida
956 1626 1066 1689 lumen

285 1770 393 1846 Taeda,
408 1783 440 1832 et
452 1768 657 1832 commixtam
669 1763 831 1826 Vulcanus
844 1762 885 1824 ad
896 1777 980 1825 astra
991 1760 1143 1824 favillam.

333 1908 414 1990 Quis
424 1905 520 1980 deus,
535 1927 555 1966 o
567 1923 680 1977 musae,
697 1915 762 1962 tam
774 1921 855 1963 saeva
865 1898 1014 1963 incendia
1026 1901 1157 1963 Teucris

286 2041 434 2103 Avertit?
447 2055 555 2102 tantos
570 2038 692 2099 ratibus
708 2038 779 2120 quis
795 2035 920 2122 depulit
935 2036 1047 2121 ignes?

290 2177 415 2240 Dicite:
431 2176 534 2262 prisca
549 2175 627 2237 fides
641 2175 744 2250 facto,
763 2172 818 2235 sed
829 2173 911 2236 lama
923 2174 1087 2259 perennis.

332 2365 491 2447 Tempore
505 2383 570 2446 quo
583 2361 724 2446 primum
737 2359 878 2445 Phrygia
894 2360 1054 2424 formabat
1064 2362 1099 2425 in
1113 2358 1168 2425 lila

289 2503 402 2563 AEueas
414 2500 560 2577 classem,
576 2514 608 2562 et
623 2499 727 2585 pelagi
741 2514 853 2584 petere
871 2498 935 2561 alta
950 2499 1084 2584 parabat

289 2643 361 2724 lpsa
370 2636 467 2701 deum
478 2636 584 2699 fertur
595 2636 745 2721 genetrix
756 2637 947 2719 Berecyntia
959 2655 1111 2722 maguum

293 2776 434 2841 Vocibus
451 2773 499 2836 bis
514 2772 608 2835 affata
625 2777 761 2835 Jovem:
780 2799 794 2828 α
808 2776 875 2848 Da,
893 2788 988 2849 nate,
1004 2774 1147 2857 petenti,

290 2914 388 2999 Quod
401 2929 456 2976 tua
467 2934 540 2974 rara
554 2932 670 2996 parens
682 2909 806 2972 domito
820 2925 853 2972 te
864 2910 969 2995 poscit
982 2910 1137 2996 Olympo.

290 3053 389 3116 Pinea
404 3049 484 3115 silva
497 3047 592 3123 mihi,
610 3046 730 3108 multos
745 3045 863 3109 dilecta
881 3070 943 3133 per
957 3070 1079 3125 annos,

289 3193 392 3253 Lucus
402 3189 436 3250 in
448 3173 595 3248 arce'luit
606 3205 745 3259 summa,
760 3206 825 3268 quo
841 3207 929 3248 saera
942 3185 1109 3262 ferebant,

289 3324 436 3410 Nigranti
450 3323 540 3412 picea
559 3321 769 3406 trabibusque
785 3324 942 3386 obscurus
957 3317 1101 3388 aceruis:

292 3470 355 3528 Has
370 3485 430 3549 ego
447 3461 610 3525 Dardanio
625 3460 752 3543 juveni,
770 3483 870 3544 quum
886 3462 992 3526 classis
1009 3477 1139 3548 egeret,

292 3605 376 3663 Loeta
387 3598 478 3674 dedi;
493 3621 581 3663 nuuc
592 3598 763 3663 sollicitam
775 3600 874 3662 timor
886 3601 1000 3664 anxius
1011 3615 1118 3686 urget.

219 3821 221 3830 Ι
295 3733 392 3803 Solve
403 3751 524 3813 metus,
539 3752 635 3823 atque
646 3739 709 3802 boc
720 3740 872 3825 precibus
882 3742 951 3806 siue
965 3765 1058 3830 posse
1070 3758 1258 3829 parentem,

294 3881 342 3941 Ne
355 3899 451 3940 cursu
463 3889 615 3966 quassatae
629 3875 712 3953 ullo,
726 3898 791 3938 neu
804 3879 935 3942 turbine
947 3880 1056 3955 venti,

278 4019 485 4086 ¹llinoantur:
498 3999 602 4102 prosit
615 4015 734 4076 uostris
745 4015 781 4079 in
793 4018 957 4081 montibus
970 4035 1069 4084 ortas.
1089 4047 1101 4074 »ι
1181 4091 1186 4102 ,
