2952 4812
316 369 377 430 tlt
549 367 780 429 AENEIDOS
808 367 952 428 LIBER
982 368 1065 428 xll.
1214 365 1303 426 vatis

316 505 467 569 Laurenti
480 504 576 582 divo,
592 519 625 569 et
639 519 730 568 votes
745 491 940 590 suspendere
956 519 1079 568 vestes:

315 642 377 708 Sed
389 641 522 727 stirpem
533 643 664 720 Teucri,
678 642 769 706 nullo
783 642 985 720 discrimine,
1002 663 1126 706 sacrum

319 778 538 857 sustulerant,
552 801 636 865 puro
650 793 686 841 ut
696 793 828 865 possent
839 801 1035 843 concurrere
1049 800 1175 863 campo.

318 916 377 979 Hic
392 916 479 980 hasta
493 915 598 980 AEneae
613 915 736 994 stabat3
756 915 819 979 huc
835 915 973 1001 impetus
989 914 1076 978 illam

319 1053 489 1118 Detulerat
504 1053 616 1130 fixam,
634 1069 667 1117 et
682 1053 768 1116 lenta
783 1053 817 1116 in
832 1052 939 1116 radice
955 1053 1097 1116 tenebat.

319 1194 487 1270 Incubuit,
505 1193 672 1278 voluitque
688 1214 784 1256 manu
799 1190 983 1255 convellere
999 1191 1122 1255 ferrum
1161 1189 1164 1196 ’

320 1331 534 1406 Damianides,
550 1330 680 1415 teloque
691 1329 782 1414 sequi
794 1349 889 1414 quem
903 1328 1064 1414 prendere
1076 1351 1171 1394 cursu

320 1473 390 1532 Non
402 1483 542 1555 poterat.
556 1472 636 1530 Tum
649 1489 727 1531 vero
742 1488 850 1550 amens
861 1464 1033 1530 formidine
1044 1470 1189 1546 Turnus,

322 1636 335 1664 a
348 1610 473 1682 Fauno,
486 1626 615 1690 precor,
630 1605 784 1668 miserere
792 1652 801 1683 ,
814 1605 936 1690 inquit,
950 1590 1050 1691 tuque
1062 1606 1183 1692 optima
1194 1606 1314 1669 serrum

319 1751 417 1809 Terra
430 1759 520 1821 tene,
536 1725 622 1808 eolul
633 1759 757 1807 vestros
769 1743 796 1806 si
806 1765 933 1829 semper
944 1743 1084 1807 honores
1095 1790 1103 1819 ,

322 1887 411 1966 Quos
423 1897 537 1945 contra
548 1881 695 1946 AEneadae
705 1881 793 1945 bello
805 1881 911 1946 fecere
923 1881 1089 1968 profanos.
1106 1911 1119 1939 n

321 2019 427 2096 Dixit,
442 2040 603 2105 opemque
615 2019 668 2082 dei
678 2042 747 2083 non
759 2041 844 2082 cassa
856 2020 890 2082 in
902 2034 977 2084 vota
989 2020 1126 2084 vocavit.

321 2163 463 2244 Namque
477 2158 531 2221 diu
546 2159 687 2237 luctans,
701 2159 857 2243 lentoque
868 2159 902 2220 in
916 2158 1017 2244 stirpe
1032 2173 1190 2232 moratus,

322 2297 450 2360 Viribus
466 2298 550 2362 haud
566 2298 639 2361 ullis
652 2297 751 2374 valuit
767 2296 947 2361 discludere
963 2318 1087 2368 morsus

322 2437 460 2502 Roboris
474 2441 599 2502 AEncas.
617 2442 702 2501 Dum
718 2437 835 2501 nititur
850 2459 933 2514 acer,
953 2452 986 2500 et
1002 2437 1117 2508 instat,

320 2579 441 2639 Rursus
455 2575 490 2639 in
505 2575 624 2661 aurigae
640 2574 754 2638 faciem
770 2590 890 2638 mutata
906 2575 1027 2638 Metisci

320 2713 489 2776 Procurrit
496 2760 504 2790 ,
518 2713 657 2798 latrique
670 2734 779 2777 ensem
792 2710 850 2775 dea
862 2712 987 2775 Daunia
999 2710 1117 2775 reddit.

322 2848 421 2931 Quod
433 2852 540 2912 Venus
552 2848 663 2919 audaci
674 2851 824 2936 nymphae
835 2841 999 2939 indignata
1011 2837 1126 2928 licere,

320 2983 475 3060 Accessit,
495 2983 660 3069 telumque
676 2985 739 3048 alta
754 2987 795 3049 ab
812 2987 920 3050 radice
935 2986 1073 3052 revellit.

322 3122 387 3186 Olli
403 3102 572 3200 sublimes,
589 3124 685 3188 armis
700 3125 877 3210 animisque
892 3127 1025 3203 refecti,

321 3262 380 3325 Hic
395 3262 500 3347 gladio
518 3263 640 3340 fidens,
658 3262 715 3326 hic
725 3285 798 3336 acer
813 3277 846 3328 ct
862 3265 982 3328 arduus
995 3264 1105 3341 hasta,

320 3398 486 3463 Adsistunt
500 3415 632 3478 contra,
649 3402 822 3465 certamine
838 3402 950 3464 Martis
963 3399 1083 3467 anheli.

363 3863 526 3922 „lunonem
538 3858 662 3924 interca
674 3884 712 3924 ex
727 3862 960 3949 omnipotentis
976 3863 1110 3951 Olympi

323 3994 521 4080 Alloquitur,
539 3995 625 4060 fulva
641 4021 765 4086 pugnas
783 4000 822 4064 de
838 4003 925 4066 nube
944 4016 1108 4066 tuentem:
