<?xml version="1.0" encoding="UTF-8"?>
<!DOCTYPE html PUBLIC "-//W3C//DTD XHTML 1.0 Transitional//EN"
    "http://www.w3.org/TR/xhtml1/DTD/xhtml1-transitional.dtd">
<html xmlns="http://www.w3.org/1999/xhtml" xml:lang="en" lang="en">
 <head>
  <title>
</title>
<meta http-equiv="Content-Type" content="text/html;charset=utf-8" />
  <meta name='ocr-system' content='tesseract 3.04.00' />
  <meta name='ocr-capabilities' content='ocr_page ocr_carea ocr_par ocr_line ocrx_word'/>
</head>
<body>
  <div class='ocr_page' id='page_1' title='image "./oeuvresdedelill00tissgoog_0324.png"; bbox 0 0 2908 4810; ppageno 0'>
   <div class='ocr_carea' id='block_1_1' title="bbox 317 399 1292 1173">
    <p class='ocr_par' dir='ltr' id='par_1_1' title="bbox 319 399 1292 622">
     <span class='ocr_line' id='line_1_1' title="bbox 320 399 1292 478; baseline 0.003 -17"><span class='ocrx_word' id='word_1_1' title='bbox 320 401 381 462; x_wconf 77' lang='lat' dir='ltr'>stt</span> <span class='ocrx_word' id='word_1_2' title='bbox 552 399 783 461; x_wconf 82' lang='lat' dir='ltr'><strong>AENEIDOS</strong></span> <span class='ocrx_word' id='word_1_3' title='bbox 815 402 957 462; x_wconf 81' lang='lat' dir='ltr'>LIBER</span> <span class='ocrx_word' id='word_1_4' title='bbox 987 404 1046 463; x_wconf 84' lang='lat' dir='ltr'>Xl.</span> <span class='ocrx_word' id='word_1_5' title='bbox 1131 471 1134 478; x_wconf 41' lang='lat'>‚</span> <span class='ocrx_word' id='word_1_6' title='bbox 1204 405 1292 464; x_wconf 78' lang='lat' dir='ltr'><strong>v·⁶77·</strong></span> 
     </span>
     <span class='ocr_line' id='line_1_2' title="bbox 319 534 1018 622; baseline 0.006 -23"><span class='ocrx_word' id='word_1_7' title='bbox 319 537 380 599; x_wconf 92' lang='lat' dir='ltr'>Cui</span> <span class='ocrx_word' id='word_1_8' title='bbox 394 534 485 622; x_wconf 89' lang='lat' dir='ltr'>pellis</span> <span class='ocrx_word' id='word_1_9' title='bbox 496 535 578 598; x_wconf 85' lang='lat' dir='ltr'>letos</span> <span class='ocrx_word' id='word_1_10' title='bbox 591 534 741 599; x_wconf 85' lang='lat' dir='ltr'><strong>humeros</strong></span> <span class='ocrx_word' id='word_1_11' title='bbox 756 551 864 622; x_wconf 80' lang='lat' dir='ltr'>erepte</span> <span class='ocrx_word' id='word_1_12' title='bbox 876 539 1018 621; x_wconf 75' lang='lat' dir='ltr'>juvenco</span> 
     </span>
    </p>

    <p class='ocr_par' dir='ltr' id='par_1_2' title="bbox 318 670 1070 758">
     <span class='ocr_line' id='line_1_3' title="bbox 318 670 1070 758; baseline 0.007 -23"><span class='ocrx_word' id='word_1_13' title='bbox 318 671 496 758; x_wconf 80' lang='lat' dir='ltr'>Pugnatori</span> <span class='ocrx_word' id='word_1_14' title='bbox 509 670 633 757; x_wconf 87' lang='lat' dir='ltr'>operit;</span> <span class='ocrx_word' id='word_1_15' title='bbox 651 686 746 757; x_wconf 80' lang='lat' dir='ltr'>ceput</span> <span class='ocrx_word' id='word_1_16' title='bbox 757 672 871 758; x_wconf 81' lang='lat' dir='ltr'>iugens</span> <span class='ocrx_word' id='word_1_17' title='bbox 886 675 950 737; x_wconf 92' lang='lat' dir='ltr'>oris</span> <span class='ocrx_word' id='word_1_18' title='bbox 966 675 1070 740; x_wconf 83' lang='lat' dir='ltr'>hiatus</span> 
     </span>
    </p>

    <p class='ocr_par' dir='ltr' id='par_1_3' title="bbox 318 807 1029 895">
     <span class='ocr_line' id='line_1_4' title="bbox 318 807 1029 895; baseline 0.003 -23"><span class='ocrx_word' id='word_1_19' title='bbox 318 811 359 873; x_wconf 85' lang='lat' dir='ltr'>Et</span> <span class='ocrx_word' id='word_1_20' title='bbox 373 808 462 873; x_wconf 83' lang='lat' dir='ltr'>melae</span> <span class='ocrx_word' id='word_1_21' title='bbox 473 823 582 872; x_wconf 79' lang='lat' dir='ltr'>texere</span> <span class='ocrx_word' id='word_1_22' title='bbox 597 807 664 895; x_wconf 93' lang='lat' dir='ltr'>lupi</span> <span class='ocrx_word' id='word_1_23' title='bbox 680 831 752 872; x_wconf 91' lang='lat' dir='ltr'>cum</span> <span class='ocrx_word' id='word_1_24' title='bbox 768 809 1029 888; x_wconf 82' lang='lat' dir='ltr'>dentibus&#39;ulbis3</span> 
     </span>
    </p>

    <p class='ocr_par' dir='ltr' id='par_1_4' title="bbox 317 947 1146 1173">
     <span class='ocr_line' id='line_1_5' title="bbox 317 947 1146 1036; baseline 0.007 -27"><span class='ocrx_word' id='word_1_25' title='bbox 317 947 521 1033; x_wconf 79' lang='lat' dir='ltr'>Agrestisque</span> <span class='ocrx_word' id='word_1_26' title='bbox 537 969 648 1014; x_wconf 87' lang='lat' dir='ltr'>manus</span> <span class='ocrx_word' id='word_1_27' title='bbox 663 962 764 1011; x_wconf 84' lang='lat' dir='ltr'>armet</span> <span class='ocrx_word' id='word_1_28' title='bbox 778 970 909 1034; x_wconf 83' lang='lat' dir='ltr'>sparus:</span> <span class='ocrx_word' id='word_1_29' title='bbox 927 949 995 1036; x_wconf 90' lang='lat' dir='ltr'>ipse</span> <span class='ocrx_word' id='word_1_30' title='bbox 1009 951 1146 1015; x_wconf 88' lang='lat' dir='ltr'>catervis</span> 
     </span>
     <span class='ocr_line' id='line_1_6' title="bbox 318 1087 1102 1173; baseline 0 -23"><span class='ocrx_word' id='word_1_31' title='bbox 318 1088 464 1152; x_wconf 84' lang='lat' dir='ltr'><strong>Vertitur</strong></span> <span class='ocrx_word' id='word_1_32' title='bbox 477 1087 512 1150; x_wconf 93' lang='lat' dir='ltr'>in</span> <span class='ocrx_word' id='word_1_33' title='bbox 526 1087 653 1164; x_wconf 88' lang='lat' dir='ltr'>mediis,</span> <span class='ocrx_word' id='word_1_34' title='bbox 668 1101 702 1150; x_wconf 87' lang='lat' dir='ltr'>et</span> <span class='ocrx_word' id='word_1_35' title='bbox 716 1101 786 1152; x_wconf 92' lang='lat' dir='ltr'>toto</span> <span class='ocrx_word' id='word_1_36' title='bbox 800 1087 921 1152; x_wconf 79' lang='lat' dir='ltr'>vertice</span> <span class='ocrx_word' id='word_1_37' title='bbox 933 1108 1028 1173; x_wconf 84' lang='lat' dir='ltr'>supra</span> <span class='ocrx_word' id='word_1_38' title='bbox 1043 1103 1102 1152; x_wconf 91' lang='lat' dir='ltr'>est.</span> 
     </span>
    </p>
   </div>
   <div class='ocr_carea' id='block_1_2' title="bbox 319 1223 1284 1312">
    <p class='ocr_par' dir='ltr' id='par_1_5' title="bbox 319 1223 1284 1312">
     <span class='ocr_line' id='line_1_7' title="bbox 319 1223 1284 1312; baseline 0.006 -26"><span class='ocrx_word' id='word_1_39' title='bbox 319 1228 412 1288; x_wconf 90' lang='lat' dir='ltr'>lluuc</span> <span class='ocrx_word' id='word_1_40' title='bbox 425 1225 479 1288; x_wconf 83' lang='lat' dir='ltr'>ille</span> <span class='ocrx_word' id='word_1_41' title='bbox 493 1239 681 1311; x_wconf 84' lang='lat' dir='ltr'>exceptum,</span> <span class='ocrx_word' id='word_1_42' title='bbox 699 1245 806 1309; x_wconf 89' lang='lat' dir='ltr'>neque</span> <span class='ocrx_word' id='word_1_43' title='bbox 822 1227 908 1288; x_wconf 90' lang='lat' dir='ltr'>enim</span> <span class='ocrx_word' id='word_1_44' title='bbox 924 1223 1018 1290; x_wconf 83' lang='lat' dir='ltr'>labor</span> <span class='ocrx_word' id='word_1_45' title='bbox 1031 1225 1160 1312; x_wconf 77' lang='lat' dir='ltr'>agmine</span> <span class='ocrx_word' id='word_1_46' title='bbox 1173 1249 1284 1305; x_wconf 82' lang='lat' dir='ltr'>verso,</span> 
     </span>
    </p>
   </div>
   <div class='ocr_carea' id='block_1_3' title="bbox 261 1357 1102 1446">
    <p class='ocr_par' dir='ltr' id='par_1_6' title="bbox 261 1357 1102 1446">
     <span class='ocr_line' id='line_1_8' title="bbox 261 1357 1102 1446; baseline 0.001 -22"><span class='ocrx_word' id='word_1_47' title='bbox 261 1435 264 1442; x_wconf 69' lang='lat'>,</span> <span class='ocrx_word' id='word_1_48' title='bbox 318 1359 463 1446; x_wconf 84' lang='lat' dir='ltr'>Trejicit,</span> <span class='ocrx_word' id='word_1_49' title='bbox 477 1374 510 1421; x_wconf 89' lang='lat' dir='ltr'>ct</span> <span class='ocrx_word' id='word_1_50' title='bbox 520 1381 616 1444; x_wconf 89' lang='lat' dir='ltr'>super</span> <span class='ocrx_word' id='word_1_51' title='bbox 630 1358 697 1422; x_wconf 75' lang='lat' dir='ltr'>boec</span> <span class='ocrx_word' id='word_1_52' title='bbox 709 1357 840 1425; x_wconf 91' lang='lat' dir='ltr'>inimico</span> <span class='ocrx_word' id='word_1_53' title='bbox 852 1375 984 1446; x_wconf 84' lang='lat' dir='ltr'><strong>pectore</strong></span> <span class='ocrx_word' id='word_1_54' title='bbox 995 1361 1102 1426; x_wconf 85' lang='lat' dir='ltr'>latur:</span> 
     </span>
    </p>
   </div>
   <div class='ocr_carea' id='block_1_4' title="bbox 318 1885 1215 2245">
    <p class='ocr_par' dir='ltr' id='par_1_7' title="bbox 318 1885 1215 2245">
     <span class='ocr_line' id='line_1_9' title="bbox 321 1885 1102 1972; baseline 0.008 -28"><span class='ocrx_word' id='word_1_55' title='bbox 321 1885 443 1950; x_wconf 78' lang='lat' dir='ltr'>«Silvis</span> <span class='ocrx_word' id='word_1_56' title='bbox 456 1901 508 1962; x_wconf 92' lang='lat' dir='ltr'>te,</span> <span class='ocrx_word' id='word_1_57' title='bbox 526 1885 712 1971; x_wconf 79' lang='lat' dir='ltr'>Tyrrhene,</span> <span class='ocrx_word' id='word_1_58' title='bbox 726 1886 810 1950; x_wconf 87' lang='lat' dir='ltr'>feres</span> <span class='ocrx_word' id='word_1_59' title='bbox 825 1887 945 1972; x_wconf 74' lang='lat' dir='ltr'>agitare</span> <span class='ocrx_word' id='word_1_60' title='bbox 960 1885 1102 1970; x_wconf 77' lang='lat' dir='ltr'>putasti?</span> 
     </span>
     <span class='ocr_line' id='line_1_10' title="bbox 319 2021 1051 2106; baseline 0 -20"><span class='ocrx_word' id='word_1_61' title='bbox 319 2022 456 2086; x_wconf 74' lang='lat' dir='ltr'>Advenit</span> <span class='ocrx_word' id='word_1_62' title='bbox 467 2021 522 2106; x_wconf 92' lang='lat' dir='ltr'>qui</span> <span class='ocrx_word' id='word_1_63' title='bbox 533 2036 637 2085; x_wconf 85' lang='lat' dir='ltr'>vestre</span> <span class='ocrx_word' id='word_1_64' title='bbox 651 2022 718 2085; x_wconf 91' lang='lat' dir='ltr'>dies</span> <span class='ocrx_word' id='word_1_65' title='bbox 731 2021 943 2086; x_wconf 77' lang='lat' dir='ltr'>muliebribus</span> <span class='ocrx_word' id='word_1_66' title='bbox 954 2023 1051 2086; x_wconf 81' lang='lat' dir='ltr'>ermis</span> 
     </span>
     <span class='ocr_line' id='line_1_11' title="bbox 318 2158 1215 2245; baseline 0 -23"><span class='ocrx_word' id='word_1_67' title='bbox 318 2158 424 2222; x_wconf 88' lang='lat' dir='ltr'>Verba</span> <span class='ocrx_word' id='word_1_68' title='bbox 435 2158 646 2244; x_wconf 86' lang='lat' dir='ltr'>redarguerit.</span> <span class='ocrx_word' id='word_1_69' title='bbox 662 2161 785 2222; x_wconf 88' lang='lat' dir='ltr'><strong>Nomen</strong></span> <span class='ocrx_word' id='word_1_70' title='bbox 796 2174 903 2223; x_wconf 87' lang='lat' dir='ltr'>tamen</span> <span class='ocrx_word' id='word_1_71' title='bbox 914 2158 1000 2223; x_wconf 85' lang='lat' dir='ltr'>haud</span> <span class='ocrx_word' id='word_1_72' title='bbox 1010 2158 1081 2224; x_wconf 86' lang='lat' dir='ltr'>leve</span> <span class='ocrx_word' id='word_1_73' title='bbox 1093 2175 1215 2245; x_wconf 81' lang='lat' dir='ltr'>petrum</span> 
     </span>
    </p>
   </div>
   <div class='ocr_carea' id='block_1_5' title="bbox 318 2293 1171 2373">
    <p class='ocr_par' dir='ltr' id='par_1_8' title="bbox 318 2293 1171 2373">
     <span class='ocr_line' id='line_1_12' title="bbox 318 2293 1171 2373; baseline 0 -17"><span class='ocrx_word' id='word_1_74' title='bbox 318 2293 462 2357; x_wconf 84' lang='lat' dir='ltr'>Manibus</span> <span class='ocrx_word' id='word_1_75' title='bbox 473 2295 535 2368; x_wconf 93' lang='lat' dir='ltr'>hoc</span> <span class='ocrx_word' id='word_1_76' title='bbox 546 2294 683 2373; x_wconf 87' lang='lat' dir='ltr'>referes,</span> <span class='ocrx_word' id='word_1_77' title='bbox 700 2293 765 2358; x_wconf 88' lang='lat' dir='ltr'>telo</span> <span class='ocrx_word' id='word_1_78' title='bbox 781 2295 930 2358; x_wconf 88' lang='lat' dir='ltr'>cecidisse</span> <span class='ocrx_word' id='word_1_79' title='bbox 943 2293 1096 2360; x_wconf 83' lang='lat' dir='ltr'>Camillae.</span> <span class='ocrx_word' id='word_1_80' title='bbox 1117 2325 1130 2356; x_wconf 67' lang='lat' dir='ltr'><strong>a</strong></span> <span class='ocrx_word' id='word_1_81' title='bbox 1166 2355 1171 2372; x_wconf 77' lang='grc'><em>,</em></span> 
     </span>
    </p>
   </div>
   <div class='ocr_carea' id='block_1_6' title="bbox 315 2913 1279 3967">
    <p class='ocr_par' dir='ltr' id='par_1_9' title="bbox 317 2913 1279 3142">
     <span class='ocr_line' id='line_1_13' title="bbox 317 2913 1279 2990; baseline -0.005 -9"><span class='ocrx_word' id='word_1_82' title='bbox 317 2918 472 2983; x_wconf 80' lang='lat' dir='ltr'>Protinus</span> <span class='ocrx_word' id='word_1_83' title='bbox 486 2915 692 2980; x_wconf 83' lang='lat' dir='ltr'>Orsilochum</span> <span class='ocrx_word' id='word_1_84' title='bbox 707 2929 740 2978; x_wconf 89' lang='lat' dir='ltr'>et</span> <span class='ocrx_word' id='word_1_85' title='bbox 756 2916 880 2990; x_wconf 88' lang='lat' dir='ltr'>Buten,</span> <span class='ocrx_word' id='word_1_86' title='bbox 896 2913 962 2978; x_wconf 94' lang='lat' dir='ltr'>duo</span> <span class='ocrx_word' id='word_1_87' title='bbox 976 2913 1111 2978; x_wconf 70' lang='lat' dir='ltr'>matum</span> <span class='ocrx_word' id='word_1_88' title='bbox 1127 2918 1279 2978; x_wconf 77' lang='lat' dir='ltr'>Teucrum</span> 
     </span>
     <span class='ocr_line' id='line_1_14' title="bbox 317 3053 1067 3142; baseline -0.005 -24"><span class='ocrx_word' id='word_1_89' title='bbox 317 3054 485 3142; x_wconf 84' lang='lat' dir='ltr'>Corpore:</span> <span class='ocrx_word' id='word_1_90' title='bbox 502 3053 558 3118; x_wconf 90' lang='lat' dir='ltr'>sed</span> <span class='ocrx_word' id='word_1_91' title='bbox 573 3057 678 3116; x_wconf 88' lang='lat' dir='ltr'><strong>Buten</strong></span> <span class='ocrx_word' id='word_1_92' title='bbox 692 3075 838 3117; x_wconf 83' lang='lat' dir='ltr'>aversum</span> <span class='ocrx_word' id='word_1_93' title='bbox 854 3053 984 3139; x_wconf 84' lang='lat' dir='ltr'>cuspide</span> <span class='ocrx_word' id='word_1_94' title='bbox 998 3053 1067 3115; x_wconf 83' lang='lat' dir='ltr'>fixit</span> 
     </span>
    </p>

    <p class='ocr_par' dir='ltr' id='par_1_10' title="bbox 318 3189 1104 3279">
     <span class='ocr_line' id='line_1_15' title="bbox 318 3189 1104 3279; baseline -0.004 -23"><span class='ocrx_word' id='word_1_95' title='bbox 318 3194 462 3256; x_wconf 88' lang='lat' dir='ltr'>Loricam</span> <span class='ocrx_word' id='word_1_96' title='bbox 477 3191 661 3279; x_wconf 82' lang='lat' dir='ltr'>galeamque</span> <span class='ocrx_word' id='word_1_97' title='bbox 675 3191 773 3270; x_wconf 90' lang='lat' dir='ltr'>inter,</span> <span class='ocrx_word' id='word_1_98' title='bbox 791 3213 853 3279; x_wconf 84' lang='lat' dir='ltr'>qua</span> <span class='ocrx_word' id='word_1_99' title='bbox 870 3189 952 3255; x_wconf 87' lang='lat' dir='ltr'>colla</span> <span class='ocrx_word' id='word_1_100' title='bbox 967 3191 1104 3255; x_wconf 86' lang='lat' dir='ltr'>sedentis</span> 
     </span>
    </p>

    <p class='ocr_par' dir='ltr' id='par_1_11' title="bbox 316 3328 1257 3693">
     <span class='ocr_line' id='line_1_16' title="bbox 316 3328 1053 3416; baseline -0.003 -25"><span class='ocrx_word' id='word_1_101' title='bbox 316 3331 457 3409; x_wconf 81' lang='lat' dir='ltr'>Lucem,</span> <span class='ocrx_word' id='word_1_102' title='bbox 471 3345 503 3394; x_wconf 92' lang='lat' dir='ltr'>et</span> <span class='ocrx_word' id='word_1_103' title='bbox 517 3330 598 3396; x_wconf 83' lang='lat' dir='ltr'>laevo</span> <span class='ocrx_word' id='word_1_104' title='bbox 610 3328 772 3416; x_wconf 88' lang='lat' dir='ltr'>dependet</span> <span class='ocrx_word' id='word_1_105' title='bbox 785 3347 895 3415; x_wconf 87' lang='lat' dir='ltr'>parma</span> <span class='ocrx_word' id='word_1_106' title='bbox 911 3329 1032 3392; x_wconf 91' lang='lat' dir='ltr'>lacerto</span> <span class='ocrx_word' id='word_1_107' title='bbox 1046 3352 1053 3389; x_wconf 90' lang='lat'><strong>:</strong></span> 
     </span>
     <span class='ocr_line' id='line_1_17' title="bbox 316 3464 1257 3557; baseline -0.002 -27"><span class='ocrx_word' id='word_1_108' title='bbox 316 3467 538 3548; x_wconf 88' lang='lat' dir='ltr'>Orsilochum,</span> <span class='ocrx_word' id='word_1_109' title='bbox 553 3470 678 3557; x_wconf 80' lang='lat' dir='ltr'>fugiens</span> <span class='ocrx_word' id='word_1_110' title='bbox 690 3491 905 3555; x_wconf 84' lang='lat' dir='ltr'>magnumque</span> <span class='ocrx_word' id='word_1_111' title='bbox 920 3469 1036 3554; x_wconf 81' lang='lat' dir='ltr'>agitate</span> <span class='ocrx_word' id='word_1_112' title='bbox 1051 3487 1111 3553; x_wconf 90' lang='lat' dir='ltr'>per</span> <span class='ocrx_word' id='word_1_113' title='bbox 1126 3464 1257 3540; x_wconf 86' lang='lat' dir='ltr'>orbern,</span> 
     </span>
     <span class='ocr_line' id='line_1_18' title="bbox 319 3604 1121 3693; baseline -0.001 -26"><span class='ocrx_word' id='word_1_114' title='bbox 319 3604 427 3668; x_wconf 88' lang='lat' dir='ltr'>Eludit</span> <span class='ocrx_word' id='word_1_115' title='bbox 437 3627 518 3692; x_wconf 82' lang='lat' dir='ltr'>gyro</span> <span class='ocrx_word' id='word_1_116' title='bbox 530 3607 679 3684; x_wconf 88' lang='lat' dir='ltr'>interior,</span> <span class='ocrx_word' id='word_1_117' title='bbox 696 3607 906 3693; x_wconf 84' lang='lat' dir='ltr'>sequiturque</span> <span class='ocrx_word' id='word_1_118' title='bbox 921 3620 1121 3693; x_wconf 83' lang='lat' dir='ltr'>sequentem.</span> 
     </span>
    </p>

    <p class='ocr_par' dir='ltr' id='par_1_12' title="bbox 315 3739 1260 3967">
     <span class='ocr_line' id='line_1_19' title="bbox 318 3739 1260 3831; baseline -0.002 -25"><span class='ocrx_word' id='word_1_119' title='bbox 318 3747 399 3807; x_wconf 91' lang='lat' dir='ltr'>Tum</span> <span class='ocrx_word' id='word_1_120' title='bbox 412 3740 546 3809; x_wconf 80' lang='lat' dir='ltr'>validam</span> <span class='ocrx_word' id='word_1_121' title='bbox 561 3766 684 3831; x_wconf 91' lang='lat' dir='ltr'>perque</span> <span class='ocrx_word' id='word_1_122' title='bbox 700 3767 787 3808; x_wconf 84' lang='lat' dir='ltr'>arma</span> <span class='ocrx_word' id='word_1_123' title='bbox 801 3744 872 3808; x_wconf 78' lang='lat' dir='ltr'>viro</span> <span class='ocrx_word' id='word_1_124' title='bbox 886 3765 1009 3830; x_wconf 86' lang='lat' dir='ltr'>perque</span> <span class='ocrx_word' id='word_1_125' title='bbox 1025 3763 1094 3806; x_wconf 86' lang='lat' dir='ltr'>ossa</span> <span class='ocrx_word' id='word_1_126' title='bbox 1108 3739 1260 3815; x_wconf 87' lang='lat' dir='ltr'>securim,</span> 
     </span>
     <span class='ocr_line' id='line_1_20' title="bbox 315 3879 1072 3967; baseline -0.004 -23"><span class='ocrx_word' id='word_1_127' title='bbox 315 3879 420 3944; x_wconf 79' lang='lat' dir='ltr'>bltior</span> <span class='ocrx_word' id='word_1_128' title='bbox 435 3900 626 3964; x_wconf 84' lang='lat' dir='ltr'>exsurgens,</span> <span class='ocrx_word' id='word_1_129' title='bbox 643 3880 749 3945; x_wconf 83' lang='lat' dir='ltr'>oranti</span> <span class='ocrx_word' id='word_1_130' title='bbox 766 3897 798 3944; x_wconf 90' lang='lat' dir='ltr'>et</span> <span class='ocrx_word' id='word_1_131' title='bbox 813 3881 912 3944; x_wconf 85' lang='lat' dir='ltr'>multe</span> <span class='ocrx_word' id='word_1_132' title='bbox 927 3879 1072 3967; x_wconf 86' lang='lat' dir='ltr'>precanti</span> 
     </span>
    </p>
   </div>
   <div class='ocr_carea' id='block_1_7' title="bbox 314 4014 1131 4104">
    <p class='ocr_par' dir='ltr' id='par_1_13' title="bbox 314 4014 1131 4104">
     <span class='ocr_line' id='line_1_21' title="bbox 314 4014 1131 4104; baseline 0 -26"><span class='ocrx_word' id='word_1_133' title='bbox 314 4014 548 4099; x_wconf 84' lang='lat' dir='ltr'>Congeminat:</span> <span class='ocrx_word' id='word_1_134' title='bbox 566 4015 683 4080; x_wconf 84' lang='lat' dir='ltr'>vulnus</span> <span class='ocrx_word' id='word_1_135' title='bbox 699 4018 801 4082; x_wconf 86' lang='lat' dir='ltr'>calido</span> <span class='ocrx_word' id='word_1_136' title='bbox 817 4018 899 4104; x_wconf 83' lang='lat' dir='ltr'>rigat</span> <span class='ocrx_word' id='word_1_137' title='bbox 913 4040 969 4082; x_wconf 87' lang='lat' dir='ltr'>ora</span> <span class='ocrx_word' id='word_1_138' title='bbox 983 4018 1131 4081; x_wconf 88' lang='lat' dir='ltr'>cerebro.</span> 
     </span>
    </p>
   </div>
   <div class='ocr_carea' id='block_1_8' title="bbox 0 0 1458 4810">
    <p class='ocr_par' dir='ltr' id='par_1_14' title="bbox 0 0 1458 4810">
     <span class='ocr_line' id='line_1_22' title="bbox 0 0 1458 4810; baseline 0 1"><span class='ocrx_word' id='word_1_139' title='bbox 0 0 1458 4810; x_wconf 95' lang='lat' dir='ltr'> </span> 
     </span>
    </p>
   </div>
  </div>
 </body>
</html>
