2908 4810
308 389 369 450 306
547 376 777 442 AENElDOS
805 374 950 437 LIBER
979 374 1025 434 Xl
1193 367 1284 429 usos.

306 522 394 585 Dixit
408 542 417 580 t
430 533 464 580 at
477 515 532 580 illa
547 513 633 578 leves
650 509 723 574 coeli
737 509 862 594 delapsa
876 529 936 594 per
951 528 1042 570 auras

305 655 469 729 Insonuit,
489 652 584 737 nigro
601 645 941 712 circumdata'turbine
958 665 1086 730 corpus.

350 793 392 856 At
407 811 518 854 manus
532 787 657 850 interea
671 771 770 846 muris
785 783 921 864 ‘frojana
935 781 1153 867 propinquat,

305 929 495 1013 Etruscique
511 925 626 1001 duces,
644 922 854 1008 equitumque
872 919 1029 982 exercitus
1044 919 1164 997 omnis,

308 1062 487 1150 Compositi
496 1079 633 1133 munero
645 1058 680 1121 in
693 1072 827 1119 turmas.
843 1053 963 1117 Fremit
974 1075 1105 1138 equore
1119 1065 1203 1116 toto.

307 1199 464 1264 Insultans
480 1197 626 1281 sonipes,
645 1209 677 1258 et
687 1191 808 1280 ,pressis
825 1204 949 1277 pugnat
963 1189 1115 1266 habenis,

204 1323 205 1328 ἵ
311 1339 380 1399 lluc
396 1336 552 1398 obversus
567 1347 600 1395 et
615 1330 678 1393 buc
696 1352 704 1391 ε
723 1343 791 1410 turn
807 1327 871 1390 late
886 1326 1010 1389 ferreus
1024 1323 1124 1388 hastis

311 1478 432 1536 Horret
445 1490 532 1555 ager,
550 1467 719 1553 campique
734 1465 829 1528 armis
844 1463 1034 1528 sublimibus
1049 1463 1178 1528 ardent.

314 1617 458 1676 Necnon
474 1614 633 1697 Messapus
647 1622 780 1684 contra,
796 1604 981 1694 celeresque
995 1605 1116 1682 Latini,
1211 1681 1218 1696 ι

315 1756 440 1814 Etcum
454 1751 553 1812 fratre
569 1747 687 1822 Coras,
706 1760 739 1808 et
756 1743 887 1830 virginis
902 1743 951 1807 ala
970 1743 1128 1823 Camillae,

315 1887 447 1951 Adversi
463 1907 575 1971 campo
593 1897 768 1969 apparent,
788 1882 955 1967 hastasque
970 1881 1111 1946 reductis

317 2020 521 2085 Protendunt
538 2019 635 2103 longe
650 2017 786 2095 dextris,
803 2031 837 2079 et
854 2015 975 2103 spicula
992 2017 1140 2079 vibrant:

319 2157 547 2239 adventusque
563 2154 688 2230 virum,
704 2153 914 2241 fremitusque
929 2154 1067 2218 ardescit
1081 2176 1246 2239 equorum.

319 2296 453 2376 Jamque
468 2289 553 2353 intra
564 2291 685 2374 jactum
701 2289 758 2353 teli
772 2312 961 2379 progressus
977 2307 1114 2378 uterque

321 2429 516 2512 Substitprat
529 2453 536 2490 ε
551 2428 658 2492 subito
673 2445 848 2516 erumpunt
861 2430 1020 2509 elamore,
1035 2431 1240 2514 furentesque

324 2566 542 2628 Exhortantur
555 2585 673 2650 equos,
686 2564 828 2629 fundunt
840 2566 935 2630 simul
949 2566 1091 2651 undiquc
1105 2565 1168 2629 tela

312 2677 463 2778 Crebra,
477 2703 559 2766 nivis
573 2705 636 2765 ritu
649 2728 657 2778 3
672 2703 852 2789 coelumque
867 2704 1032 2766 obtexitur
1047 2705 1171 2767 umbra.

326 2841 491 2904 Continuo
506 2839 645 2903 adversis
659 2839 844 2924 Tyrrhenus
856 2854 888 2902 et
901 2861 974 2904 acer
988 2842 1149 2905 Aconteus

327 2977 465 3042 Connixi
481 2977 652 3042 incurrunt
664 2975 779 3054 hastis,
796 2975 957 3062 primique
974 2979 1098 3044 ruinam
1147 3017 1149 3020 ·

326 3122 412 3181 Dant
427 3114 534 3180 sonitu
546 3115 688 3202 ingenti,
704 3114 929 3200 perfractaque
941 3117 1242 3204 quadrupedantum

327 3259 464 3318 Pectora
478 3254 665 3340 pectoribus
679 3267 846 3340 rumpunt.
864 3256 1018 3317 Excussus
1030 3257 1192 3320 Aconteus

329 3388 481 3452 Fulminis
496 3389 530 3452 in
544 3411 687 3465 morem,
701 3405 755 3452 aut
771 3375 935 3453 tormento
952 3391 1104 3479 ponderis
1120 3392 1202 3470 acti,

328 3525 511 3611 Praecipitat
522 3526 638 3614 longe,
656 3543 688 3589 et
704 3529 800 3590 vitam
816 3528 970 3615 dispergit
983 3529 1018 3590 in
1029 3550 1131 3594 auras.

329 3661 498 3751 Extemplo
514 3665 647 3758 turbatae
662 3665 761 3740 acies3
779 3666 929 3752 versique
945 3665 1046 3731 Latini

331 3799 492 3882 Rejiciunt
506 3819 647 3884 parmas,
663 3819 696 3866 et
712 3825 813 3890 equos
827 3801 867 3866 ad
883 3805 999 3866 moenia
1014 3778 1157 3865 vertunt.

332 3938 431 3998 Troes
446 3950 564 4021 agunt3
581 3940 732 4028 princeps
747 3959 868 4005 tunnas
882 3941 1005 4005 inducit
1020 3940 1141 4026 Asylas.
