2872 4816
303 444 364 504 126
542 436 774 500 AENEIDOS
804 436 949 497 LIBER
971 436 1031 496 tx.
1189 425 1274 488 r·⁵t6·

301 580 435 643 Maeonio
445 580 515 665 regi
525 601 622 664 quem
633 598 723 640 serva
734 577 897 662 Licymnia
911 575 1023 642 furtim

296 716 495 792 sustulerat,
508 713 679 799 vetitisque
690 711 730 775 ad
740 713 869 794 Trojam
880 711 1011 775 miserat
1022 711 1138 787 armis,

300 852 384 914 Ense
395 851 474 915 levis
484 850 573 916 nudo
581 897 591 930 ,
605 871 782 936 parmaque
791 849 949 944 inglorius
959 850 1043 914 alba.

301 992 413 1073 Isque,
427 990 484 1053 ubi
498 1011 531 1054 se
545 990 646 1054 Turni
660 988 765 1053 media
779 989 867 1052 iuter
882 987 980 1052 millia
997 989 1095 1066 vidit,

302 1129 385 1192 Hinc
400 1129 482 1192 acies
496 1141 593 1213 atque
606 1125 683 1189 hinc
697 1125 780 1190 acies
793 1124 918 1188 adstare
932 1125 1075 1202 Latinas3

302 1266 347 1328 Ut
359 1262 446 1342 sera,
462 1284 532 1347 quae
547 1261 645 1325 densa
658 1276 834 1326 venantum
850 1275 948 1349 saepta
964 1285 1084 1327 corona

304 1399 427 1462 Contra
443 1398 506 1461 tela
521 1399 617 1475 furit,
637 1420 768 1484 seseque
783 1396 869 1460 haud
883 1402 989 1462 nescia
1005 1400 1102 1464 morti

301 1535 427 1619 lnjicit,
444 1549 477 1598 et
491 1536 573 1599 saltu
587 1557 684 1620 supra
698 1533 857 1601 venabula
871 1536 995 1613 fertur;

303 1671 396 1735 Haud
407 1672 501 1736 aliter
506 1674 636 1756 juvenis
647 1673 771 1738 medios
782 1674 957 1738 moriturus
970 1673 1004 1737 in
1016 1675 1124 1738 hostes

304 1808 419 1884 lrruit‚
434 1824 467 1872 et
483 1831 546 1894 qua
560 1810 624 1873 tela
638 1810 727 1876 videt
741 1809 927 1874 densissima
942 1811 1058 1876 tendit.

353 2839 395 2899 At
405 2835 541 2921 pedibus
551 2837 649 2922 louge
659 2837 775 2902 melior
786 2811 904 2923 Lycur,
919 2839 1006 2935 inter
1017 2854 1050 2902 et
1060 2838 1189 2917 hostes,

311 2978 399 3040 luter
413 2990 445 3038 et
457 2996 559 3052 arma,
573 2976 648 3060 fuga
660 2997 769 3039 muros
782 2991 872 3058 tenet
881 2977 1031 3066 ,altaque
1044 2995 1147 3043 certat

312 3089 572 3199 Preud'ereteeta
582 3134 695 3190 mauu,
708 3113 895 3200 sociumque
906 3112 1066 3202 attingere
1078 3117 1217 3182 dextras.

312 3253 418 3332 Quem
432 3253 573 3329 Turnus,
587 3253 710 3338 {rariter
724 3275 819 3318 cursu
835 3254 970 3340 teloque
982 3271 1127 3334 secutura,

312 3389 462 3472 lncrepat
472 3387 522 3450 hia
535 3389 658 3454 vietor:
675 3419 689 3448 α
705 3368 877 3456 Nostrasite
889 3394 1039 3472 evadere,
1053 3381 1203 3471 «lemene,

313 3523 455 3606 Sperasti
466 3539 498 3588 te
509 3548 604 3611 posse
615 3530 748 3592 manus?
757 3544 777 3586 'a
793 3529 895 3593 Simul
906 3531 1021 3617 arripit
1032 3531 1139 3616 ipsum

313 3660 532 3739 Pendentem,
547 3678 579 3727 et
589 3687 704 3752 magna
716 3667 800 3730 muri
811 3689 884 3730 eum
895 3685 987 3755 parte
999 3670 1145 3735 revellit:

314 3796 425 3878 Qualis
436 3795 492 3858 ubi
502 3810 556 3860 a'ut
568 3797 713 3885 leporem
724 3818 780 3870 aut
793 3803 943 3868 candenti
955 3827 1243 3893 corpore'cyenum

314 3931 450 3996 Sustulit
459 3932 523 3995 alta
534 3949 647 4020 petens
659 3938 795 4026 pedibus
805 3941 897 4004 Jovis
908 3943 1047 4028 armiger
1059 3941 1169 4019 uueis3

316 4072 491 4155 Quaesitum
507 4089 561 4172 aut
573 4077 668 4140 matri
681 4079 790 4143 multis
803 4075 961 4144 balatibus
976 4087 1095 4165 agrium
