2908 4810
327 391 389 454 tot
565 387 795 449 AENEIDOS
822 387 965 448 LIBER
996 388 1057 448 xl.
1211 383 1301 443 corp.

324 531 459 612 Jamque
470 524 733 613 propinquabant
749 523 869 610 portis3
887 543 1063 608 rursusque
1078 521 1183 585 Latini

324 661 506 726 Clamorem
520 661 656 738 tollunt,
671 675 705 723 et
715 658 823 722 mollia
834 658 917 722 colla
928 659 1112 722 reflectunt.

324 799 365 860 lli
375 798 521 884 fugiunt,
535 800 727 885 penitusque
740 797 821 861 datis
836 799 1022 862 referuntur
1037 799 1181 862 habenis.

325 935 435 1018 Qualis
451 937 507 1000 ubi
521 935 647 1022 alterno
662 959 859 1024 procurrens
874 937 1000 1024 gurgite
1015 953 1135 1024 pontus

325 1074 416 1135 Nunc
428 1072 494 1134 ruit
507 1073 547 1136 ad
563 1088 682 1150 terras,
700 1073 912 1160 scopulosque
928 1073 1100 1160 superjacit
1113 1073 1232 1140 undam

326 1213 500 1297 Spumeus,
517 1227 755 1298 extremamque
770 1212 841 1274 sinu
853 1211 1019 1298 perfundit
1028 1233 1179 1274 arenam:

322 1355 413 1413 Nunc
425 1349 554 1437 rapidus
566 1365 674 1426 retro,
692 1364 788 1434 atque
803 1364 880 1411 aestu
896 1349 1042 1414 revoluta
1057 1348 1228 1414 resorbens

323 1489 419 1562 Saxa,
438 1485 538 1571 fugit,
554 1485 708 1571 littusque
725 1484 806 1548 vado
821 1482 951 1548 labente
967 1485 1132 1571 relinquit.

322 1628 374 1690 Bis
388 1630 481 1692 Tusci
494 1629 631 1692 Rutulos
648 1651 743 1714 egere
759 1629 798 1692 ad
813 1629 930 1692 moenia
944 1650 1071 1705 versos3

321 1767 374 1830 Bis
384 1767 605 1851 rejectiarmis
620 1781 802 1854 respectant
815 1779 905 1851 terga
920 1779 1075 1851 tegentes.

322 1906 428 1968 Tertia
440 1905 495 1968 sed
510 1921 680 1992 postquam
697 1906 860 1992 congressi
874 1905 908 1968 in
924 1902 1048 1990 praelia,
1067 1919 1151 1967 totas

323 2041 514 2127 Implicnere
530 2041 616 2105 inter
627 2063 660 2104 se
674 2043 773 2119 acies,
790 2041 932 2128 legitque
944 2041 1048 2106 virum
1060 2042 1111 2104 vir
1124 2066 1132 2102 z

322 2182 401 2241 Tum
413 2199 491 2241 vero
506 2193 538 2241 et
549 2179 686 2264 gemitus
699 2179 894 2243 morientum
910 2196 942 2243 et
953 2180 1107 2267 sanguine
1119 2181 1152 2244 in
1165 2181 1228 2243 alto

320 2317 498 2400 Armaque,
513 2336 732 2401 corporaque,
752 2332 784 2382 et
795 2317 946 2403 permixti
960 2317 1045 2381 cede
1059 2318 1198 2382 virorum

324 2449 529 2515 Semianimes
545 2450 722 2517 volvuntur
737 2455 830 2540 equi;
844 2477 950 2540 pugna
964 2477 1076 2541 aspera
1090 2457 1203 2541 surgit.

364 3318 551 3383 Orsilochus
562 3314 707 3399 Remuli,
722 3324 851 3408 quando
863 3325 967 3411 ipsum
978 3317 1132 3388 horrebat
1146 3312 1253 3400 adire,

321 3457 449 3518 Hastam
460 3456 593 3522 intorsit
604 3480 708 3546 equo,
725 3460 893 3546 ferumque
908 3463 967 3525 sub
983 3485 1059 3526 eure
1073 3462 1226 3547 reliqnits

319 3593 393 3672 Quo
405 3592 532 3678 sonipes
542 3593 609 3659 ictu
620 3596 697 3660 furit
709 3596 845 3678 arduus,
862 3599 989 3685 altaque
999 3601 1116 3683 jactat,

316 3725 466 3791 Vulneris
480 3728 668 3815 impatiens,
685 3750 812 3800 arrecto
827 3753 978 3824 pectore,
997 3759 1109 3800 crura:

316 3862 464 3927 Volvitur
478 3864 532 3929 ille
548 3887 694 3935 excussus
708 3873 810 3938 humi.
827 3875 961 3940 Catillus
977 3876 1085 3950 Iolen,

315 3998 546 4089 lugentemque
558 4006 691 4087 animis,
707 4011 872 4097 ingentem
885 4034 1023 4099 corpore
1035 4027 1068 4076 et
1080 4012 1177 4076 armis
1190 4059 1199 4090 s
