2872 4816
285 407 322 464 tut
522 403 754 465 AENElDOS
787 403 933 465 LIBER
963 402 1027 464 lx.
1176 410 1271 454 Wl-
1300 417 1302 422 '

329 545 444 607 Cetera
461 565 521 631 per
535 559 638 607 terras
648 565 761 607 omnes
772 541 919 605 animalia
935 565 1049 606 somno

285 684 447 746 Laxabant
464 705 574 760 curas,
593 697 626 744 et
642 679 739 744 corda
751 679 853 743 oblita
868 679 1033 743 laborum:

283 825 444 884 Ductores
460 824 619 883 Teucrum
630 818 747 904 primi,
766 817 890 881 delecta
899 821 1073 901 juventus,

285 957 464 1022 Consilium
477 958 609 1024 summis
623 957 717 1043 regni
730 956 879 1020 derebus
893 956 1058 1020 habebant
1073 958 1084 996 ³
1096 984 1104 1032 3

287 1095 375 1176 Quid
389 1095 552 1174 facerent,
571 1095 682 1181 quisve
698 1097 805 1156 AEneoe
816 1094 883 1176 jam
897 1093 1031 1156 nuntius
1047 1091 1141 1158 esset.

287 1233 383 1295 Stant
396 1231 502 1317 longis
517 1230 625 1294 adnixi
636 1230 751 1307 hastis,
771 1243 803 1292 et
814 1244 904 1292 scuta
919 1244 1088 1307 tenentes,

287 1372 475 1434 Castrorum
490 1381 524 1432 et
539 1369 643 1455 campi
658 1365 777 1433 medio.
791 1370 873 1431 Tum
889 1367 981 1431 Nisus
992 1385 1025 1432 et
1037 1393 1101 1432 una

287 1507 444 1594 Euryalus
460 1505 630 1570 confestim
646 1506 766 1570 alacres
782 1504 947 1568 admittier
963 1522 1077 1584 orant,

287 1655 368 1713 Rem
380 1669 547 1734 maguam,
560 1646 769 1732 pretiumque
781 1665 879 1708 morae
894 1644 976 1708 fore.
993 1645 1120 1706 Primus
1132 1643 1218 1707 lulus

287 1786 420 1872 Accepit
435 1785 600 1872 trepidos,
616 1804 653 1847 ac
665 1783 775 1846 Nisum
787 1782 895 1846 dicere
907 1783 1013 1866 jussit.

287 1931 368 1989 Tum
383 1923 428 1988 sie
442 1920 651 2010 Hyrtacides:
672 1953 686 1981 «ι
706 1924 839 2001 Audite,
854 1947 874 1987 ο
890 1925 1053 1988 mentibus
1064 1924 1162 2008 aequis

289 2063 451 2140 AEneadae3
470 2086 553 2127 neve
569 2061 637 2125 haec
653 2063 773 2127 nostris
785 2077 972 2147 spectentur
989 2061 1030 2124 ab
1042 2061 1133 2129 aunis

290 2205 370 2284 Quae
386 2198 527 2264 ferimus.
543 2201 656 2263 Rutuli
671 2223 785 2264 somno
802 2201 944 2286 vinoque
960 2199 1059 2262 soluti

290 2339 518 2402 Procuhuere:
536 2338 643 2404 locum
658 2338 780 2406 insidiis
795 2338 1020 2424 conspeximus
1033 2338 1111 2425 ipsi,

291 2476 356 2557 Qui
367 2490 456 2560 patet
470 2475 504 2538 in
515 2475 605 2540 bivio
616 2491 716 2562 partae
727 2497 800 2562 quae
813 2476 960 2562 proxima
975 2491 1091 2562 ponto.

289 2614 470 2700 interrupti
481 2613 590 2700 ignes,
604 2630 738 2701 aterque
751 2615 791 2679 ad
804 2617 908 2679 sidera
923 2617 1028 2679 fumus

290 2753 449 2838 Erigitur.
469 2754 504 2817 Si
519 2753 651 2819 fortuna
664 2755 853 2842 permittitis
864 2754 929 2828 uti,

293 2893 474 2974 Quaesitum
491 2897 613 2958 AEnean
625 2894 665 2957 ad
677 2894 797 2957 moenia
808 2893 975 2957 Pallantea

291 3033 365 3093 Mox
375 3029 428 3092 hic
438 3052 514 3094 cnm
530 3030 660 3116 spoliis,
674 3029 898 3116 ingenticaede
914 3046 1063 3117 peracta,

290 3165 400 3229 Affore
417 3166 567 3229 cernetis.
588 3167 653 3229 Nec
668 3185 729 3230 nos
742 3167 793 3231 via
810 3167 892 3229 fallit
907 3183 1039 3230 euntes:

292 3304 436 3368 Vidimus
450 3303 595 3368 obscuris
606 3304 744 3390 primam
759 3305 818 3367 sub
834 3304 972 3369 vallibus
985 3306 1101 3368 urbem

293 3443 420 3505 Venatu
433 3443 578 3520 assiduo,
596 3457 629 3505 ct
640 3457 747 3505 totum
759 3442 971 3528 cognovimus
986 3466 1125 3507 amnem.
1146 3474 1159 3500 a

292 3578 356 3642 Hic
371 3581 464 3644 annis
476 3583 582 3668 gravis
593 3598 691 3669 atque
706 3582 806 3648 animi
821 3596 966 3646 maturus
977 3582 1105 3646 Aletes:

295 3744 309 3772 u
326 3716 368 3780 Di
383 3717 501 3803 patrii,
518 3739 658 3803 qnorum
670 3741 798 3806 semper
810 3721 870 3784 sub
884 3722 1019 3785 numme
1030 3722 1126 3804 Troja
1137 3737 1203 3797 est,

293 3858 366 3918 Nun
378 3870 485 3918 tamen
501 3857 634 3922 omnino
645 3857 789 3924 ¹Teucros
804 3861 912 3925 delere
926 3861 1063 3949 paratis,

294 3995 402 4073 Quum
418 3990 498 4055 tales
515 3993 637 4059 animos
648 4000 805 4079 juvenum
824 4015 856 4061 ct
872 4016 938 4064 tam
955 4015 1043 4062 certa
1060 3997 1179 4060 tulistis
