2872 4816
270 413 382 472 uu
572 405 802 468 nunruos
833 383 974 467 tissa
1004 405 1043 466 x.
1227 413 1301 460 vo.

316 548 367 611 Nil
381 565 478 632 super
493 543 629 630 imperio
643 563 797 606 moveor:
812 543 1009 628 speravimus
1021 543 1099 618 ista,

313 691 400 751 Dum
411 685 542 750 fortuna
553 682 629 758 fuit3
644 681 793 759 vincant,
808 685 890 767 quos
901 681 1031 744 vincere
1042 681 1154 745 mavis.

314 825 349 889 si
359 822 448 887 nulla
459 837 508 887 est
518 821 608 909 regio
619 821 749 886 Teucris
761 791 925 908 quam'det
937 835 991 887 tua
1003 821 1121 904 conjux

313 966 420 1039 Dura3
437 981 497 1050 per
512 983 649 1041 eversae,
664 959 807 1047 genitor,
822 958 977 1046 fumantia
990 959 1093 1042 Trojae

311 1098 441 1165 Excidio
455 1099 614 1176 obtestor,
631 1097 727 1162 liceat
740 1097 906 1162 dimittere
918 1097 959 1160 ab
973 1095 1069 1160 armis

309 1234 509 1300 Incolumem
520 1235 689 1300 Asianium
695 1280 706 1313 ,
719 1233 813 1299 liceat
823 1255 989 1321 superesse
1000 1248 1169 1320 nepotem.

309 1376 424 1437 AEneas
438 1395 514 1438 sane
528 1372 648 1458 ignotis
657 1375 799 1456 jactetur
812 1371 847 1436 in
862 1347 977 1449 undis,

310 1513 351 1574 Et
362 1533 597 1598 quamcumque
610 1511 694 1576 viam
705 1509 832 1575 dederit
842 1510 975 1574 fortuna
987 1525 1161 1595 sequatur:
1234 1555 1237 1560 ·

310 1654 404 1713 Hune
417 1665 528 1736 tegere
541 1664 575 1716 et
589 1649 667 1714 dirae
681 1649 804 1716 valeam
818 1649 998 1718 subducere
1014 1671 1144 1736 pugnae.

305 2403 361 2477 Est
371 2401 540 2480 Amathus,
555 2401 699 2508 estsceIsa
710 2401 789 2466 mihi
801 2403 946 2491 Paphos,
959 2422 1057 2498 atque
1069 2407 1230 2494 Cythera,

303 2536 474 2625 Idaliasque
488 2539 620 2616 domus3
636 2541 749 2629 positis
763 2541 920 2628 inglorius
935 2510 1031 2642 armis
1137 2509 1140 2514 ¹

303 2677 415 2764 Erigat
429 2665 620 2744 hieaevum:
637 2699 753 2763 magna
768 2676 892 2742 ditione
903 2679 1020 2764 jubeto

304 2816 467 2902 Carthago
476 2831 602 2905 premat
613 2816 805 2893 Ausoniem3
818 2815 901 2880 nihil
912 2818 1047 2882 urbibus
1056 2818 1133 2883 inde

304 2952 434 3018 Ostabit
446 2934 561 3038 Tyriis.
580 2951 669 3035 Quid
683 2966 808 3038 pestem
824 2953 960 3018 evadere
975 2952 1054 3017 belli

299 3097 319 3156 J
322 3093 405 3170 uvit,
419 3107 451 3155 et
464 3086 631 3178 Argolicos
643 3088 785 3154 medium
796 3089 912 3177 fugisse
923 3114 984 3178 per
993 3091 1098 3179 ignes,
1124 3071 1130 3080 ¹

298 3234 424 3316 Totque
435 3229 532 3292 maris
542 3242 701 3314 vastaeque
713 3227 863 3292 exhausta
875 3229 1017 3316 pericula
1029 3213 1142 3309 terrm,

299 3359 386 3436 Dum
397 3371 522 3436 Latium
532 3369 862 3457 Teucrirecidivaque
873 3365 1029 3458 Pergama
1040 3377 1211 3456 querunt?

296 3509 372 3600 ¹Non
387 3507 484 3584 satius
498 3490 622 3572 cineres
636 3508 748 3594 patriae
762 3508 915 3574 insedisse
928 3531 1115 3597 supremos,
1166 3557 1169 3561 -

297 3649 404 3732 Atque
416 3644 520 3710 solum
532 3670 596 3734 quo
608 3649 703 3733 Troja
713 3647 796 3712 fuit?
806 3647 970 3711 Xanthum
981 3663 1014 3712 et
1027 3648 1193 3713 Simoenta

205 3850 207 3862 1
295 3782 424 3862 Redde,
437 3799 514 3862 oro,
528 3784 667 3862 miseris3
681 3785 864 3873 iterumque
876 3785 1044 3850 revolvere
1059 3779 1149 3850 casus

293 3922 360 3997 Da,
374 3934 479 4007 pater,
492 3919 606 3987 Iliacos
617 3922 759 4000 Teucris,
768 3951 787 4020 ¹s
800 3926 881 4014 Tum
895 3923 983 4010 regia
993 3928 1100 4003 Juno,

290 4061 369 4124 heta
380 4059 490 4124 furore
502 4059 609 4146 gravi:
625 4089 640 4119 «ι
654 4061 743 4143 Quid
756 4081 808 4124 me
819 4061 883 4126 aita
895 4062 1021 4127 silentia
1033 4063 1121 4148 cogis
1178 4034 1180 4039 .
1223 4095 1235 4114 ··
