2894 4812
282 401 346 461 210
534 398 768 460 AENEIDOS
798 397 945 459 LIBER
976 399 1014 458 Xr
1179 397 1278 446 v·⁵⁵³·

278 541 360 600 Tum
374 548 472 621 capnt
482 531 605 597 orantis
614 530 850 617 nequidquam,
866 547 899 594 et
911 532 1012 596 multa
1022 534 1169 619 parantis

281 673 417 752 Dicere,
432 672 585 737 deturbat
597 685 713 745 terrre3
731 685 946 756 truncumque
962 685 1129 759 tepentem

282 814 505 890 Provolvens,
519 832 617 898 super
627 811 696 874 haec
710 809 842 873 inimico
854 825 988 896 pectore
1001 810 1102 876 fatur:

266 1153 269 1176 Ι
283 1115 298 1145 α
310 1087 386 1152 lstic
397 1107 504 1164 nunc,
518 1084 711 1163 metuende,
720 1086 810 1168 jace:
825 1105 894 1148 non
906 1099 939 1148 te
951 1084 1074 1172 optima
1086 1096 1190 1148 mater

282 1225 411 1289 Condet
423 1223 531 1302 humi,
547 1221 697 1309 patriore
710 1219 860 1284 onerabit
874 1220 1022 1284 membra
1036 1221 1203 1309 sepulcro:

282 1363 421 1427 nutibus
435 1363 585 1447 linquere
600 1359 695 1436 feris;
709 1374 764 1422 aut
775 1358 903 1446 gurgite
917 1381 1062 1424 mersum

280 1499 375 1566 Unda
388 1499 472 1564 feret
480 1544 489 1577 ,
503 1498 671 1584 piscesque
685 1497 815 1584 impasti
825 1495 962 1563 uulnera
972 1497 1129 1564 lambent.
1152 1529 1165 1558 a

282 1639 436 1703 Protinus
447 1640 595 1702 Antaeum
607 1651 640 1700 et
656 1640 790 1716 Lucam,
807 1638 912 1725 prima
926 1639 1054 1726 agmina
1062 1641 1179 1714 Turni,
1205 1678 1210 1688 ·

281 1777 504 1861 Persequitur,
522 1778 705 1862 fortemque
717 1779 851 1840 Numam
861 1823 870 1854 ‚
879 1776 1076 1863 *fulvumque
1089 1776 1293 1855 Camertem,

282 1914 485 2001 Magnanimo
502 1913 674 1978 Volseente
689 1929 811 1993 satum,
828 1915 1002 1980 ditissimus
1014 1916 1083 2002 agri

284 2052 349 2135 Qui
362 2051 423 2115 fuit
438 2052 655 2130 Ausonidum,
673 2069 705 2117 et
722 2054 826 2119 tacitis
843 2054 992 2141 regnavit
1007 2055 1157 2141 Amyclis.

281 3099 412 3182 AEgaeon
426 3092 545 3180 qualis,
565 3106 696 3156 centum
713 3094 764 3156 cui
779 3095 910 3158 brachia
919 3094 1033 3160 dicunt

281 3232 507 3318 Centenasque
521 3251 652 3308 manus,
666 3230 901 3318 quinquaginta
915 3235 1027 3300 oribus
1039 3235 1148 3322 ignem

280 3372 537 3459 Pectoribusque
548 3370 679 3448 arsisse,
693 3371 783 3436 Jovis
798 3394 899 3458 quum
914 3373 1047 3439 fulmina
1061 3390 1177 3439 contra

278 3514 341 3574 Tot
351 3511 483 3598 paribus
493 3525 654 3597 streperet
670 3509 808 3596 clypeis,
822 3525 873 3574 tot
885 3511 1061 3599 stringeret
1073 3534 1180 3578 enses:

280 3645 333 3713 Sir
345 3662 416 3712 toto
430 3652 545 3712 AEneas
560 3647 691 3713 desaevit
701 3649 736 3713 in
752 3670 882 3735 aequore
895 3650 1013 3727 victor,
1029 3619 1031 3626 Ι
1054 3617 1057 3624 ¹

277 3791 321 3854 Ut
331 3786 431 3872 semel
445 3785 586 3872 intepuit
600 3811 725 3852 mucro.
745 3789 834 3872 Quin
851 3787 925 3853 ecce
937 3788 1061 3876 Niphaei

276 3927 493 4013 Quadrijuges
506 3925 542 3989 in
558 3947 659 4012 equos
669 3927 867 4014 adversaque
877 3944 1011 4018 pectora
1023 3928 1148 3994 tendit:

273 4073 379 4156 Atque
391 4065 439 4132 illi
451 4066 549 4152 longe
561 4065 762 4152 gradientem
779 4083 812 4131 et
827 4065 897 4134 dira
908 4071 1100 4136 frementem
