2894 4812
291 377 355 439 218
544 376 1023 440 nuuruostruuux.
1187 339 1283 427 ..ese

290 512 402 577 Dirini
416 512 580 577 assimulat
594 513 725 601 capitis3
742 513 798 578 dat
813 513 920 580 inania
934 514 1054 580 verba:

291 656 355 716 Dat
365 653 434 717 sine
445 669 554 717 mente
566 674 699 731 sonum,
716 675 905 739 gressusque
918 652 1044 739 effingit
1054 655 1180 718 euntis:

290 797 395 858 Morte
413 793 502 859 obita
517 792 627 880 quales
643 808 691 857 est
706 793 844 858 volitare
860 793 1030 880 figuras¹⁵‚

289 936 354 997 hut
367 956 438 1020 quae
453 934 576 1021 sopitos
590 933 750 998 deludunt
763 933 888 998 somnia
905 955 1026 998 sensus.

288 1073 329 1135 ht
343 1073 462 1159 primas
477 1072 547 1137 laeta
562 1089 637 1138 ante
652 1073 736 1138 acies
751 1073 888 1138 exsultat
903 1075 1025 1160 imago,

289 1211 463 1297 lrritatque
478 1211 584 1275 virum
600 1211 690 1290 telis,
707 1226 741 1275 et
755 1234 835 1277 voce
850 1211 987 1276 lacessit.

275 1313 391 1414 'Instat
402 1351 454 1414 eui
464 1355 607 1431 Turnus,
621 1351 877 1438 stridentemque
888 1353 1014 1417 eminus
1024 1354 1147 1417 hastam

292 1489 453 1575 Conjieit:
469 1489 524 1553 illa
539 1489 616 1554 dato
632 1490 732 1555 vertit
749 1491 882 1578 vestigia
898 1506 1003 1578 tergo.

289 1638 370 1698 Tum
385 1654 464 1698 vero
479 1635 601 1697 AEneau
615 1655 763 1698 aversum
781 1650 816 1699 ut
829 1635 945 1700 cedere
960 1641 1088 1701 Turnus

291 1772 456 1852 Credidit,
472 1788 568 1859 atque
579 1772 688 1838 animo
700 1795 791 1860 spem
802 1773 953 1838 turbidus
964 1775 1071 1839 hausit
1084 1775 1236 1842 inanem:

293 1941 307 1970 «ι
322 1916 398 1997 Quo
411 1913 513 1998 fugis,
531 1915 653 1978 AEnea?
667 1914 825 1979 thalamos
841 1934 885 1977 ne
898 1912 1011 1978 desere
1026 1930 1156 2001 pactos:

292 2022 359 2114 llac
374 2050 505 2114 dabitur
519 2050 631 2115 dextra
644 2051 741 2116 tellus
757 2052 891 2139 quaesita
907 2074 968 2139 per
982 2052 1095 2117 undas.
1109 2083 1124 2111 s

289 2189 376 2255 'l’alia
388 2189 568 2255 vociferans
580 2192 740 2276 sequitur,
754 2191 967 2278 strictumque
978 2207 1126 2256 coruscat

291 2336 499 2408 Macronem,
512 2351 573 2394 nec
585 2329 671 2394 ferre
684 2330 773 2395 videt
784 2353 839 2396 sua
851 2331 964 2418 gaudia
975 2347 1102 2398 ventos.

334 2525 432 2586 Forte
443 2520 537 2599 ratis,
553 2519 629 2584 celsi
640 2521 813 2604 conjuncta
825 2520 991 2607 crepidine
1002 2523 1085 2601 saxi,

292 2664 449 2752 Expositis
463 2663 569 2727 stabat
584 2661 675 2728 scalis
690 2676 723 2726 et
740 2675 842 2749 ponte
857 2677 991 2748 parato,

292 2806 364 2887 Qua
379 2823 436 2865 rex
453 2800 593 2865 Clusinis
607 2798 760 2864 advectus
776 2796 908 2863 Osinius
924 2798 1002 2863 oris.

291 2943 361 3004 lluc
377 2961 445 3004 sese
462 2937 590 3025 trepida
603 2940 709 3001 AEncae
723 2936 877 3022 fugientis
891 2937 997 3023 imago

290 3081 432 3166 Conjicit
441 3081 477 3144 in
490 3078 645 3154 latebras3
658 3099 720 3142 uec
731 3081 859 3162 Turnus
871 3079 1001 3163 segnior
1012 3077 1131 3156 instat,

292 3222 535 3306 Exsuperatque
546 3239 671 3296 moras,
689 3231 724 3310 et
732 3231 850 3304 pontes
863 3209 1004 3281 transilit
1015 3215 1108 3281 altos.

289 3357 350 3422 Vix
364 3378 497 3444 proram
512 3355 663 3442 attigerat
671 3354 816 3442 ,rumpit
831 3354 1107 3418 Saturnia-funem
1117 3402 1128 3432 ‚,

290 3493 506 3582 Avulsamque
518 3495 604 3584 rapit
615 3493 763 3560 revoluta
773 3516 834 3581 per
844 3516 975 3581 aequora
988 3516 1115 3558 navem.

290 3635 505 3747 lllum‘autem
516 3637 631 3698 AEneas
642 3634 809 3697 absentem
820 3633 854 3696 in
866 3632 976 3720 praelia
990 3631 1097 3719 poscit
1110 3655 1118 3692 ε

292 3776 399 3842 Obvia
413 3774 514 3839 multa
529 3775 635 3840 virum
651 3775 793 3841 demittit
808 3797 948 3862 corpora
962 3772 1073 3837 morti.

290 3923 372 3981 Tum
382 3916 462 3982 levis
473 3914 559 3980 haud
570 3915 654 3980 ultra
665 3915 805 3980 latebras
813 3917 881 4000 jam
894 3913 1010 4002 quaerit
1021 3912 1149 3997 imago,

292 4056 356 4122 Sed
372 4056 507 4121 sublime
524 4056 636 4122 volans
651 4057 732 4122 nubi
749 4079 781 4122 se
795 4055 967 4120 immiscuit
982 4068 1079 4118 atrae:
