2908 4810
323 459 384 520 aas
564 439 1060 517 munroosnmuaxi
1218 455 1308 511 aar.

322 593 519 694 Suscipiunt.
537 593 632 677 Fugit
646 607 721 655 ante
737 612 849 654 omnes
864 591 1037 654 exterritus
1052 593 1193 671 Arruns,

320 729 441 792 Laetitia
456 731 622 813 mixtoque
636 743 742 803 motu;
757 750 819 791 nee
827 731 892 812 jam
907 729 1044 817 amplius
1058 730 1156 795 hastae

322 865 483 944 Credere,
496 889 557 930 nso
572 866 645 952 ¹telis
657 890 829 931 occurrere
841 869 974 956 virginis
985 868 1093 932 audet.

321 1007 367 1066 Ac
384 1004 471 1068 velut
486 1003 557 1082 ille,
572 1006 661 1091 prius
675 1004 849 1090 quam'tela
863 1005 993 1070 inimica
1006 1022 1187 1093 sequantur
1203 973 1246 1085 11,

322 1143 488 1208 Continuo
503 1145 539 1208 in
549 1161 676 1209 montes
691 1166 759 1208 sese
774 1145 864 1208 avius
879 1143 1004 1208 abdidit
1019 1145 1120 1220 altos,

322 1283 439 1346 Occiso
454 1279 601 1368 pastore,
618 1282 730 1369 lupus,
744 1305 903 1368 magnove
915 1285 1076 1366 juvenco,
1137 1369 1139 1378 y

324 1423 479 1488 Conscius
490 1424 617 1488 audacis
629 1423 724 1501 facti,
739 1422 936 1511 caudamque
953 1421 1134 1486 remulcens

320 1563 468 1646 Subjeeit
481 1562 678 1648 pavitantem
696 1579 810 1639 utero,
828 1563 987 1648 silvasque
998 1561 1132 1648 petivit:

322 1699 415 1764 Haud
428 1723 518 1764 secus
532 1724 571 1766 ex
582 1701 684 1764 oeulis
698 1724 731 1764 se
745 1700 892 1764 turbidus
903 1699 1036 1762 abstulit
1051 1702 1195 1776 Arruns;

321 1839 569 1922 Contentusque
583 1839 676 1924 luga,
691 1837 806 1901 mediis
822 1860 856 1900 se
867 1836 1043 1899 immiscuit
1056 1836 1165 1899 armis.

321 1971 378 2034 llla
390 1993 487 2034 manu
504 1973 647 2034 moriens
660 1970 761 2034 telum
775 1969 873 2034 trahit
885 1996 893 2046 3
908 1993 976 2033 ossa
992 1970 1048 2033 sed
1059 1971 1146 2033 inter

323 2114 459 2172 Ferreus
471 2107 510 2170 ad
527 2123 630 2172 costas
646 2108 713 2172 alto
729 2123 791 2176 stat
806 2109 941 2174 vulnere
954 2131 1079 2173 mucro.

323 2247 455 2310 Labitur
467 2245 652 2332 exsanguis,
665 2245 820 2309 labuntur
831 2244 948 2333 frigida
963 2248 1029 2313 leto
1044 2253 1069 2288 11

323 2383 474 2458 Lumina;
491 2405 673 2470 purpureus
686 2383 850 2469 quondam
862 2385 953 2449 color
965 2408 1021 2449 ora
1033 2387 1176 2473 reliquit.
1196 2355 1200 2364 '

323 2525 402 2584 Tum
420 2524 463 2586 sic
479 2524 642 2610 exspirans
655 2529 771 2588 Accam
784 2572 792 2601 ,
807 2545 845 2586 ex
862 2522 1040 2609 equalibus
1054 2547 1171 2603 unam,

325 2663 521 2749 Alloquitur,
537 2665 600 2728 fida
613 2681 689 2728 aute
701 2665 777 2728 alias
788 2687 859 2750 quae
873 2664 939 2728 sola
952 2665 1111 2766 Camillae,

327 2801 466 2882 Quicum
479 2801 595 2886 partiri
606 2824 721 2877 curas;
738 2818 835 2888 atque
847 2802 913 2866 liaec
924 2804 969 2865 ita
978 2803 1082 2866 fatur:

329 2963 343 2993 a
357 2940 534 3018 Hactenus,
551 2940 636 3000 Acca
649 2958 756 3016 soror,
773 2938 884 3024 potui:
897 2960 985 3001 nune
997 2937 1115 3002 vulnus
1129 2940 1284 3006 acerbum

328 3073 484 3152 Conficit,
498 3089 532 3138 et
543 3075 686 3138 tenebris
700 3075 889 3161 nigrescunt
900 3075 1008 3138 omnia
1022 3075 1156 3139 circum.

327 3213 456 3299 Effuge,
471 3214 583 3278 ethaeo
597 3217 708 3278 Turno
723 3215 871 3278 mandata
881 3215 1053 3278 novissima
1064 3215 1192 3301 perfer:

328 3349 485 3413 Succedat
499 3373 615 3438 pugnas
623 3398 632 3428 ,
645 3355 865 3440 Trojanosque
877 3368 983 3416 arceat
999 3353 1091 3416 urbe.

326 3491 463 3575 Jamque
475 3492 555 3572 vale.
569 3523 582 3552 υ
597 3493 699 3557 Simul
713 3492 763 3556 his
778 3493 871 3559 dietis
884 3492 1052 3579 linquebat
1063 3492 1227 3570 habenas,

327 3628 376 3692 Ad
389 3644 509 3694 terram
522 3651 591 3696 non
603 3649 720 3720 sponte
735 3632 848 3697 fluens.
862 3637 943 3697 Tum
958 3632 1074 3718 frigida
1089 3648 1160 3697 toto

327 3766 486 3831 Paulatim
500 3771 635 3837 exsolvit
647 3797 680 3836 se
693 3787 832 3858 'corpore
842 3778 854 3850 ,'
865 3772 1017 3857 lentaque
1032 3771 1114 3834 colla

326 3901 367 3965 Et
383 3922 512 3993 captum
528 3906 595 3972 leto
609 3912 718 3995 posuit
732 3926 828 3996 eaput
840 3959 848 3986 ,
862 3933 949 3973 arma
961 3909 1167 3996 relinquens3
1181 3933 1183 3936 ·

325 4041 463 4128 Vitaque
477 4069 549 4112 oum
562 4049 683 4131 gemitu
696 4049 778 4135 fugit
789 4047 952 4136 indignata
968 4048 1027 4111 sub
1044 4047 1187 4111 umbras.
