2952 4812
308 396 370 455 tlt
534 393 766 457 AENElDOS
797 394 944 456 LIBER
974 395 1060 484 XIL
1196 393 1290 453 Μή·

348 532 476 618 Jupiter
490 533 558 618 ipse
574 531 650 595 duas
662 547 787 617 aequato
803 532 945 596 examine
959 531 1066 595 lances
1079 535 1106 572 ¹⁰
1129 556 1132 562 ’

307 670 468 745 Sustinet,
487 684 519 732 et
534 669 598 732 lata
612 669 750 756 imponit
763 670 887 734 diversa
902 629 1059 746 'duorum3

306 811 410 892 Quem
423 809 553 873 damnet
567 809 671 888 labor,
686 825 718 873 et
732 832 798 897 quo
811 824 923 898 vergat
933 808 1079 895 pondere
1094 809 1209 874 letum.

304 949 425 1021 Emicat
439 949 509 1028 hic,
523 951 655 1036 impune
667 965 802 1037 putans,
817 965 849 1013 et
862 972 1000 1036 corpore
1017 964 1087 1013 toto
1132 949 1135 955 ’

303 1089 376 1152 Alte
391 1088 552 1152 sublatum
567 1091 734 1176 consurgit
746 1093 874 1154 Turnus
887 1090 921 1184 iu
934 1111 1063 1166 ensem,

302 1229 343 1289 Et
356 1225 442 1289 ferit.
460 1224 644 1289 Exclamant
658 1231 757 1290 Troes
767 1226 950 1313 trepidique
963 1226 1085 1304 Latini,

301 1368 505 1450 Arrectaeque
517 1365 685 1428 amborum
701 1365 796 1430 acies.
810 1370 853 1430 At
869 1364 1009 1452 perfidus
1025 1335 1111 1429 ensis

302 1503 484 1588 Frangitur,
499 1503 534 1566 in
549 1503 719 1590 medioque
733 1504 899 1588 ardentem
917 1504 1035 1568 deserit
1045 1504 1111 1568 ictu
1120 1552 1144 1592 ,ι

303 1640 342 1704 Ni
356 1640 429 1726 fuga
444 1640 585 1706 subsidio
600 1643 729 1710 subeat:
748 1642 831 1729 fugit
844 1643 935 1708 ocior
950 1646 1057 1720 Euro,

302 1781 344 1841 Ut
358 1778 506 1863 capulum
518 1780 665 1865 ignotum
676 1779 886 1866 dextramque
897 1781 1041 1868 adspexit
1054 1782 1222 1846 inermem.

301 1917 394 1977 Fama
410 1929 458 1977 est
471 1916 689 2002 praecipitem,
705 1940 806 2004 quum
816 1919 920 2005 prima
935 1919 969 1981 in
980 1917 1088 2004 praelia
1096 1921 1229 2014 junctos

304 2051 550 2116 conscendebat
565 2075 685 2139 equos,
703 2015 810 2141 patrio
824 2074 978 2118 mucrone
994 2052 1127 2128 relicte,

303 2190 388 2249 Dum
400 2188 558 2274 trepidat,
576 2161 698 2253 ferrum
709 2187 826 2273 aurigae
842 2188 984 2274 rapuisse
998 2186 1135 2264 Metisci:

303 2326 487 2413 quuediu,
502 2328 580 2393 dum
592 2344 682 2416 terga
694 2329 813 2394 dabant
824 2327 963 2414 palantia
974 2327 1106 2401 Teucri,

302 2439 452 2542 Suffecit3
466 2481 637 2553 postquam
650 2475 738 2529 arma
751 2465 803 2529 dei
817 2464 857 2528 ad
868 2463 1022 2528 Vulcania
1031 2477 1184 2537 ventum,

303 2606 444 2670 Mortalis
456 2629 587 2683 mucro,
605 2591 720 2692 glacies
736 2627 795 2668 ceu
809 2604 927 2704 futilis,
944 2607 1011 2668 ictu

302 2746 459 2810 Dissiluit:
474 2746 560 2810 fulva
576 2745 783 2831 resplendent
797 2745 952 2830 fragmina
964 2759 1071 2814 arena·
1114 2817 1119 2830 ι

301 2884 385 2968 Ergo
401 2903 510 2944 amens
523 2880 646 2944 diversa
662 2881 736 2966 fuga
751 2881 833 2967 petit
848 2869 976 2966 aequora
990 2882 1137 2952 Turnus,

302 3023 341 3095 Et
355 3043 443 3084 nunc
458 3019 538 3096 huc,
553 3018 628 3081 inde
643 3017 726 3096 huc,
743 3019 885 3082 incertos
895 3016 1038 3103 implicat
1048 3016 1170 3090 orbes,-

300 3155 449 3242 Undique
464 3157 549 3220 enim
566 3157 664 3220 densa
679 3157 794 3221 Teucri
809 3155 966 3219 inclusere
985 3173 1104 3218 corona
1118 3177 1126 3225 3

301 3298 405 3381 Atque
421 3294 496 3361 hinc
507 3311 594 3360 vasta
605 3296 711 3382 palus,
725 3295 801 3362 hinc
812 3293 911 3364 ardua
923 3291 1039 3356 muenia
1055 3255 1203 3374 cingunt'.

300 3781 365 3842 Nee
380 3778 486 3842 minus
502 3777 631 3854 AEneas,
650 3799 833 3863 quanquam
849 3777 972 3850 tardata
987 3779 1099 3864 sagitta

297 3914 462 3979 lnterdum
474 3935 576 3999 genua
592 3913 788 4000 impediunt,
806 3939 997 4001 cursumque
1009 3932 1176 3993 recusant,

295 4051 488 4137 Insequitur,
504 4047 685 4138 trepidique
697 4051 811 4137 pedem
822 4054 904 4144 pede
916 4053 1057 4118 fervidus
1069 4069 1178 4138 urget,
