2924 4808
290 429 331 490 22
474 497 480 511 ι
508 425 736 488 AENEIDOS
766 421 912 486 LIBER
944 424 1050 485 Vlll.
1176 425 1267 470 ”²4²-

289 564 404 650 Regia,
422 578 455 627 et
466 565 624 628 umbrosae
637 563 766 649 penitus
779 577 912 650 patuere
927 583 1088 626 cavernae:

288 706 360 766 Non
370 725 460 767 secus
471 724 508 766 ao
521 702 621 786 siqua
637 701 766 788 penitus
782 701 812 764 vi
823 715 910 764 terra
922 699 1092 764 dehiscens

288 840 434 904 Infernas
447 839 689 918 reseret-sedes,
706 799 740 903 et
756 861 856 926 regua
872 837 1016 903 recludat

288 976 429 1054 Pallida,
446 976 495 1042 dis
505 976 625 1050 invisa,
645 997 806 1062 superque
821 974 960 1039 immane
971 976 1160 1042 barathrum
1192 988 1201 1010 ·

291 1109 463 1190 Cernatur,
478 1110 707 1199 trepidentque
722 1110 862 1176 immisso
878 1110 1000 1176 lumine
1015 1115 1132 1176 Manes.

290 1252 377 1334 Ergo
387 1249 549 1336 insperata
562 1247 759 1334 deprensum
770 1247 805 1311 in
817 1246 888 1310 luce
900 1263 1052 1333 repente,

291 1386 518 1472 Inclusumque
529 1407 608 1450 cavo
623 1407 716 1462 saxo,
732 1400 830 1469 atque
844 1385 968 1448 insueta
979 1384 1150 1449 rudentem
1165 1435 1173 1464 ‚

293 1528 440 1610 Desuper
452 1521 577 1588 Alcides
594 1522 666 1587 telis
677 1525 797 1610 premit
805 1571 814 1602 ‚
829 1523 1000 1609 omniaque
1014 1546 1102 1588 arma

294 1659 459 1739 Advocat,
473 1675 506 1723 et
517 1660 613 1725 ramis
628 1660 789 1745 vastisque
801 1659 978 1722 molaribus
991 1659 1099 1723 instat.

293 1796 351 1859 Ille
367 1812 495 1876 autem,
511 1797 716 1881 nequeenim
731 1795 807 1880 fuga
814 1797 881 1877 jam
892 1816 990 1880 super
1001 1794 1066 1858 ulla
1079 1795 1210 1881 pericli,

294 1934 450 1996 Faucibus
464 1934 629 2018 ingentem
641 1931 784 2009 fumum,
799 1933 945 1996 mirabile
959 1932 1066 2012 dictu,

299 2072 427 2135 Evomit
434 2118 443 2148 ,
458 2070 660 2155 involvitque
672 2069 804 2134 domum
820 2069 1066 2156 caliginosam,

299 2213 511 2296 Prospectum
527 2208 667 2294 eripiens
681 2208 798 2284 oculis3
814 2209 1036 2295 glomeratque
1048 2211 1108 2275 sub
1118 2226 1213 2276 antro

299 2347 491 2419 Fumiferam
508 2363 656 2426 noctem,
672 2348 852 2412 commixtis
866 2349 941 2434 igne
953 2350 1106 2416 tenebris.

302 2489 374 2550 Non
388 2486 463 2549 tulit
475 2486 600 2552 Alcides
610 2488 739 2565 animis3
752 2511 850 2574 seque
865 2489 933 2575 ipse
944 2509 1008 2576 ‘per
1017 2493 1124 2577 ignem

301 2620 466 2707 Praecipiti
476 2621 587 2706 injecit
597 2623 680 2687 saltu
688 2671 697 2702 ‚
712 2645 775 2710 qua
785 2620 943 2711 plurimus
954 2626 1072 2690 undam

303 2760 420 2822 Fumus
431 2760 515 2846 agit,
532 2762 715 2849 nebulaque
730 2765 844 2856 ingens
860 2741 1093 2852 specus'aesniat
1108 2781 1189 2828 atra.

306 3923 365 3990 Hic
381 3923 499 3994 Cacum
511 3923 546 3993 in
560 3929 702 3998 tenebris
710 3933 858 4003 incendia
873 3957 952 4002 vana
968 3952 1152 4002 moventem

306 4063 469 4150 Corripit,
485 4066 520 4132 in
535 4067 657 4132 nodum
674 4069 876 4154 complexus,
895 4088 927 4135 et
940 4073 1197 4158 augitiuboerens
