2872 4816
321 407 381 469 tet
571 397 1097 488 nunrnostmenx„
1225 411 1299 465 eu.

314 548 494 630 Rumpere,
509 558 541 606 et
552 542 729 607 obductum
741 544 993 631 verbis'vulgare
1003 545 1175 610 dolorem?

312 687 433 747 AEnean
444 683 612 747 hominum
626 685 792 769 quisquam
804 681 981 771 divumque
991 689 1119 774 subegit

312 822 400 887 Bella
414 823 523 909 sequi,
539 836 595 885 aut
608 821 734 887 bostem
749 825 819 911 regi
835 847 868 888 se
884 825 1004 889 inferre
1020 827 1155 912 Latino?

310 962 433 1027 ltaliam
447 962 520 1026 fatie
534 961 630 1048 petiit
643 926 849 1042 auctoribus,
868 977 956 1043 estu,
981 998 984 1006 ·

311 1084 493 1168 Cassandrae
503 1101 658 1188 impulsus
669 1101 771 1166 furiis.
785 1105 869 1166 Num
880 1102 1029 1190 linquere
1040 1119 1143 1168 eastra

309 1240 438 1306 Hortati
452 1255 577 1315 sumus,
591 1253 646 1301 aut
660 1237 759 1301 vitam
774 1239 978 1304 committere
992 1241 1119 1304 ventis?
1138 1265 1140 1268 ·

308 1384 391 1443 Num
402 1385 504 1465 puero
516 1396 672 1438 summam
683 1373 761 1436 belli
770 1421 779 1452 ‚
787 1396 872 1440 num
884 1375 1018 1439 credere
1030 1339 1163 1442 muros?

304 1515 545 1602 Tyrrhenamre
559 1491 724 1608 fidem'aut
739 1525 850 1596 gentes
862 1483 983 1597 egitare
996 1497 1139 1601 quietas?

304 1655 386 1740 Quis
398 1616 477 1717 deus
487 1651 523 1715 in
538 1649 698 1750 fraudem,
712 1615 875 1734 quaeldnra
885 1639 1035 1740 'potentia
1045 1653 1151 1734 nostri
1228 1737 1242 1746 ..

304 1792 395 1880 Egit!
414 1789 471 1854 ubi
485 1789 539 1853 hie
552 1792 640 1851 June
648 1829 665 1866 ‚,
675 1785 850 1851 demiss'ave
864 1783 1007 1852 nubibus
1020 1789 1102 1853 Iris?
1116 1839 1119 1844 .

303 1929 477 2016 Indignum
489 1942 536 1991 est
547 1927 645 1990 Italos
655 1909 784 2009 Troj'am
796 1905 996 1990 circumdare
1006 1926 1142 1991 flammis
1203 1969 1207 1978 ·
1238 1967 1243 2008 s

219 2139 224 2159 Ι
303 2073 514 2143 Nascentem,
530 2078 563 2128 et
578 2062 682 2150 patria
696 2066 842 2127 Turnum
858 2043 1033 2129 consistere
1049 2077 1136 2128 terra
1145 2111 1155 2142 ,

302 2208 363 2274 Cui
377 2206 545 2270 Pilumnus
560 2225 638 2290 avus
647 2249 655 2280 ,
669 2202 721 2266 cui
737 2202 811 2267 diva
826 2203 952 2305 Venilia
968 2219 1091 2269 mater:
1121 2255 1125 2261 .

301 2343 390 2431 Quid
406 2343 473 2408 fece
487 2342 644 2425 Trojanos
658 2354 727 2404 atra
743 2340 810 2418 vim
824 2341 910 2405 ieme
925 2342 1064 2414 Latinis,

296 2485 382 2546 Arva
393 2480 584 2584 elienajugo
596 2500 744 2565 premere
752 2497 765 2557 ,'
775 2477 1033 2564 etque'evertere
1045 2480 1193 2566 proedas?
1206 2504 1211 2512 ·
1241 2415 1276 2496 ἱ

296 2616 385 2701 Quid
397 2637 526 2686 soceros
539 2615 666 2702 legere,
680 2630 713 2679 et
726 2615 855 2702 gremiis
868 2589 1029 2679 ebducere
1039 2591 1148 2702 pactas
1156 2613 1173 2692 ;'

295 2761 412 2821 Pacem
427 2772 523 2819 orere
537 2776 653 2834 manu,
666 2753 834 2841 proefigere
848 2723 1012 2840 puppibus
1026 2741 1136 2819 armai¹
1182 2747 1186 2762 '
1217 2843 1220 2848 Ι

292 2897 340 2957 Tu
354 2909 449 2982 potes
463 2897 583 2958 AEnean
600 2889 754 2976 manibus¹
763 2891 949 2960 subducere,
961 2891 1115 2971 Graium,

293 3039 425 3121 Proque
436 3033 508 3096 uiro
522 3031 675 3095 nebulam
687 3045 720 3094 et
732 3037 848 3096 veritos
858 3029 1040 3097 obtendere
1050 3032 1181 3108 inanes;

292 3177 333 3240 Et
344 3187 438 3261 potes
448 3172 484 3236 in
496 3169 632 3234 totidem
643 3169 777 3234 classem
789 3167 981 3234 convertere
992 3169 1178 3257 Nymphas=

292 3313 356 3374 Nos
367 3308 490 3397 aliquid
500 3307 637 3372 Rutulos
648 3320 763 3371 contra
770 3307 889 3390 juvisse
901 3306 1077 3373 nefandum
1089 3309 1159 3373 est?

292 3451 404 3514 AEneas
418 3449 548 3537 ignarus
563 3441 674 3521 abest:
692 3446 822 3532 ignarus
838 3460 871 3509 et
886 3446 983 3528 absit.

292 3591 346 3652 Est
361 3585 489 3673 Paphus
504 3585 704 3673 Idaliumque
715 3584 780 3649 :tibi
789 3631 799 3662 ,
815 3598 892 3648 sunt
908 3583 972 3648 alte
989 3580 1156 3671 Cythera:

292 3723 379 3810 Quid
395 3722 559 3809 gravidam
572 3689 667 3806 bellis
682 3725 797 3788 urbem
812 3738 846 3788 et
861 3723 960 3787 eorde
977 3703 1090 3809 uspera
1106 3724 1233 3788 tentus?

293 3865 395 3926 Nosne
411 3862 470 3925 tibi
485 3861 584 3926 fluxas
599 3865 748 3950 Phrygiae
763 3886 815 3948 res
829 3879 958 3929 vertere
976 3863 1076 3927 fundo

291 4001 478 4064 Conamur?
494 4001 576 4064 nos-i
591 4026 632 4066 an
648 4005 780 4068 miseros
797 4003 853 4088 qui
867 4007 965 4068 Troas
982 4001 1110 4065 Achivis
