2924 4808
284 361 324 418 tu
506 355 739 418 AENEIDOS
766 355 913 418 LIBER
942 356 1050 416 Vlll.
1180 362 1274 418 utre

284 499 372 582 Ergo
384 496 489 560 omnis
504 495 596 558 iuriis
610 493 750 557 surrexit
767 494 896 556 Etruria
907 493 1004 576 justis
1016 519 1023 568 ;

283 637 404 720 Regem
415 634 457 698 a'd
467 632 659 720 supplicium
671 633 823 719 praesenti
835 647 937 695 marte
952 646 1142 720 reposcunt.

285 774 341 835 His
352 795 413 859 ego
426 787 475 849 te,
492 774 607 849 AEnea,
620 769 791 854 ductorem
806 768 951 832 millibus
962 767 1090 831 addam.
1136 867 1138 874 Ι

283 915 366 975 Toto
378 933 518 997 namque
530 912 675 974 fremunt
686 907 858 998 condensae
869 907 981 972 littore
992 930 1137 995 puppes,

284 1047 447 1132 Signaque
457 1047 544 1111 ferre
551 1049 671 1131 jubent
683 1072 694 1110 r
708 1019 832 1114 retinet
839 1048 1005 1134 longaevus
1018 1046 1175 1147 haruspex
1190 1095 1198 1124 ,
1249 1041 1253 1054 '

285 1642 361 1704 Fata
373 1663 511 1705 canens:
526 1642 557 1704 Ο
571 1640 712 1706 Maeoniae
726 1638 851 1704 delecta
860 1642 1036 1722 juventus,

286 1781 359 1844 Flos
370 1796 516 1844 veterum
527 1781 696 1866 virtusque
709 1780 833 1858 virum,
846 1801 928 1865 quos
936 1782 1043 1863 justus
1054 1780 1088 1843 in
1099 1776 1226 1843 hostem

285 1919 362 1980 Fert
374 1916 482 1994 dolor,
499 1931 533 1980 et
548 1916 662 1979 merita
678 1881 827 1980 accendit
844 1918 1023 1981 Mezentius
1038 1918 1104 1996 ira,

286 2055 373 2120 Nulli
388 2057 434 2119 fas
450 2055 530 2120 italo
547 2070 670 2119 tantam
684 2057 882 2141 subjungere
897 2037 1048 2144 gentem3

287 2197 448 2258 Externos
459 2209 570 2280 optate
582 2192 695 2258 duces.
708 2197 790 2256 Tum
802 2195 935 2258 Etrusca
947 2193 1070 2258 resedit

291 2335 362 2394 Hoc
378 2332 461 2394 acies
474 2331 602 2417 eampo,
616 2330 750 2394 monitis
765 2294 919 2395 eitterrita
934 2332 1057 2396 divum'.

287 2472 359 2554 lpse
377 2447 523 2532 oratores
538 2466 647 2530 adame
661 2467 820 2554 regnique
835 2489 991 2531 coronam

290 2605 373 2668 Cum
386 2620 516 2692 sceptro
527 2605 632 2682 misit,
646 2603 841 2691 mandatque
854 2605 1009 2692 insignia,
1021 2606 1148 2671 Tarcho
1160 2656 1168 2684 ,

290 2742 467 2809 Succedam
478 2743 606 2822 castris,
622 2745 855 2830 Tyrrhenaque
870 2766 971 2832 regna
983 2725 1155 2831 capessam.

290 2885 355 2951 Sed
366 2884 446 2950 mihi
457 2881 548 2948 tarda
559 2883 635 2970 gelu
645 2883 811 2969 saeclisque
823 2883 920 2948 effeta
930 2900 1080 2950 senectus

290 3023 418 3090 Invidet
432 3022 622 3108 imperium,
643 3043 787 3108 seraeque
802 3022 843 3088 ad
858 3023 956 3087 fortia
972 3024 1070 3088 vires.

290 3167 409 3227 Natum
423 3155 628 3241 exhortarer,
640 3162 676 3227 ni
691 3163 810 3226 mixtus
825 3136 929 3227 matre
944 3162 1074 3228 Sabella
1120 3187 1123 3194 ’

291 3303 375 3368 Hinc
385 3319 512 3391 partem
523 3299 636 3390 patriae
647 3302 804 3366 traheret.
817 3307 881 3383 Tu,
896 3305 987 3388 cujus
998 3319 1031 3368 et
1042 3305 1135 3366 annis

292 3447 333 3507 Et
343 3450 455 3530 generi
465 3444 530 3507 fata
540 3441 731 3529 indulgent,
747 3465 844 3530 quem
856 3443 990 3508 numina
1001 3459 1158 3530 poscunt,

291 3580 483 3668 Ingredere,
497 3605 518 3646 ο
528 3587 689 3649 Teucrum
700 3549 797 3671 atque
813 3583 929 3648 ltalum
940 3583 1113 3648 fortissime
1127 3581 1255 3647 ductor.

292 3725 388 3788 Hunc
400 3722 461 3786 tibi
472 3738 646 3812 praeterea,
661 3747 733 3811 spes
745 3739 777 3788 et
791 3724 903 3788 solatia
913 3723 1038 3800 nostri,
1203 3691 1205 3696 Ι

293 3861 440 3927 Pallanta
452 3860 637 3946 adjungam.
652 3862 722 3926 Sub
734 3877 766 3924 te
779 3859 920 3924 tolerare
933 3861 1088 3947 magistro

294 4000 438 4065 Militiam
450 4015 483 4063 et
495 4021 593 4084 grave
604 4000 714 4063 Martis
725 4021 808 4084 opus
815 4044 824 4075 ‚
841 4013 895 4062 tua
908 4021 1044 4066 eernere
1056 4001 1157 4074 secta,
