2894 4812
284 423 345 484 286
526 418 745 482 AENEIDOS
777 421 917 482 LIBER
950 425 1009 485 Xl.
1172 425 1267 480 nen.

284 557 429 633 Scilicet,
447 572 482 620 ut
492 560 603 619 Turno
615 556 782 643 contingat
797 559 883 644 regia
902 561 1038 644 conjux,

284 699 363 772 Nos,
384 693 497 756 anime
512 692 606 769 viles,
624 693 790 758 inhumata
801 696 974 784 infletaque
988 701 1098 778 turbu,

283 838 471 901 sternamur
482 833 619 920 campis!
637 835 676 896 Et
686 835 754 919 jam
771 849 828 909 tu,
842 835 867 898 si
883 859 945 921 qua
962 837 1021 901 tibi
1032 839 1100 917 vis,

281 974 315 1037 Si
331 972 427 1059 patrii
442 971 520 1057 quid
536 972 645 1035 Martis
661 971 776 1050 babes,
792 974 883 1038 iilum
899 974 1025 1061 adspice
1042 993 1155 1042 contra

281 1111 346 1224 ῼυί
359 1126 461 1174 vocat.
486 1139 499 1168 s

321 1445 450 1508 Talibus
461 1442 577 1506 exarsit
593 1441 685 1506 dictis
701 1442 855 1506 violentia
869 1445 985 1520 Turni;

278 1588 342 1646 Dat
355 1581 509 1668 gemitum
521 1626 531 1657 ,
544 1579 730 1666 rumpitque
746 1578 802 1642 bas
816 1580 881 1644 imo
898 1596 1031 1666 pectore
1044 1605 1137 1646 voces
1150 1607 1159 1644 ε

279 1750 293 1779 a
311 1725 409 1807 Larga
421 1721 568 1809 quidem,
589 1723 737 1796 Drance,
753 1741 879 1806 semper
890 1720 950 1783 tibi
963 1721 1053 1807 copia
1063 1721 1171 1800 fandi,

276 1862 356 1920 Tum
372 1880 472 1942 quum
483 1857 568 1922 bella
579 1880 690 1920 manus
700 1839 859 1942 poscunt,
875 1857 1085 1942 patribusque
1101 1861 1221 1924 vocatis

276 1993 403 2058 Primus
417 1994 503 2059 ades.
522 1993 586 2058 Sed
600 2015 668 2056 non
680 1993 835 2080 replenda
847 2009 895 2056 est
906 1995 993 2057 curia
1005 1995 1129 2073 verbis,

277 2138 357 2216 Quae
372 2147 445 2196 tuto
456 2131 517 2196 tibi
528 2152 642 2215 magna
657 2130 787 2208 volant,
806 2130 882 2194 dum
898 2130 1031 2196 distinet
1049 2132 1173 2197 bostem

276 2275 383 2354 Agger
400 2288 585 2343 murorum,
602 2287 663 2330 nec
677 2267 838 2330 inundent
848 2269 1004 2354 sanguine
1015 2268 1117 2332 fusse.

198 2475 200 2478 ,
274 2405 419 2489 Proinde
435 2421 511 2469 tona
523 2403 673 2489 eloquio,
689 2403 820 2468 solitum
832 2404 909 2480 tibi;
925 2417 1041 2491 meque
1054 2405 1176 2469 timoris

274 2552 382 2634 Argue
396 2563 453 2622 tu,
471 2547 618 2622 Drance,
635 2544 764 2630 quando
783 2559 833 2608 tot
848 2543 961 2630 stragis
977 2566 1110 2609 acervos

273 2693 471 2751 Teucrorum
483 2701 537 2748 tua
552 2683 665 2748 dextra
682 2683 791 2759 dedit,
810 2683 992 2768 passimque
1003 2682 1131 2770 tropaeis

273 2826 409 2914 Insignis
424 2847 530 2912 agros.
548 2824 653 2887 Possit
670 2821 748 2906 quid
765 2822 870 2886 vivida
884 2821 986 2886 virtus

274 2965 446 3052 Experiere
460 2962 553 3026 licet:
570 2979 630 3024 uec
642 2960 740 3046 longe
753 2960 875 3024 scilicet
889 2959 997 3024 hostes

274 3101 448 3190 Quaerendi
463 3098 574 3176 nobis;
588 3068 798 3161 circumstant
810 3097 953 3183 undique
972 3121 1093 3163 muros.

273 3246 358 3306 Imus
369 3255 401 3306 et
412 3239 588 3304 adversos?
604 3235 691 3320 Quid
706 3237 823 3300 cessas?
839 3259 881 3300 an
897 3236 957 3300 tibi
967 3241 1092 3302 Mavors

272 3380 413 3442 Ventosa
423 3377 458 3440 iu
474 3375 581 3463 lingua
597 3373 798 3462 pedibusque
812 3373 977 3462 fugacibus
993 3374 1060 3437 istis

273 3527 409 3608 Semper
425 3521 508 3583 erit?

270 3659 385 3726 Pulsus
402 3657 479 3742 ego!
498 3672 552 3718 aut
568 3659 737 3745 quisquam
751 3656 888 3736 merito,
908 3656 1097 3733 foedissime,
1119 3656 1243 3741 pulsum

273 3806 396 3885 Arguat
406 3843 414 3874 ,
433 3793 529 3856 iliaco
547 3796 703 3872 tumidum
719 3795 773 3883 qui
790 3819 934 3861 crescere
945 3795 1099 3882 Thybrim

274 3935 453 4024 Sanguine,
467 3949 501 3999 et
516 3936 655 4000 Evandri
671 3952 771 4001 totam
788 3957 859 3998 cum
877 3937 977 4024 stirpe
994 3934 1118 4000 videbit

274 4069 485 4147 procubuisse
502 4068 653 4146 domum,
670 4085 767 4154 atque
780 4084 894 4134 exutos
907 4071 1043 4137 Arcadas
1057 4071 1177 4136 armis?
