2952 4812
257 382 358 476 stit]
518 371 749 439 AENEIDOS
781 378 924 438 ttetttt
957 368 1039 438 x11.
1181 375 1276 421 ”⁸¹⁵-

296 525 366 583 Non
380 533 416 580 ut
427 515 489 579 teia
504 529 610 578 tamen
618 560 627 593 ,
643 536 711 578 uon
726 527 764 578 ut
778 514 991 588 contenderet
1005 537 1116 580 arcum
1131 541 1138 578 ι

293 656 414 739 ddjuro
426 651 529 738 Stygii
541 666 638 737 caput
648 650 850 737 implacabile
864 650 979 727 fontis,

291 795 361 856 Una
375 789 559 875 superstitio
575 791 698 876 superis
713 809 783 876 quae
799 789 922 854 reddita
937 790 1029 855 divis.

290 933 329 992 Et
340 949 427 991 nunc
440 927 520 990 cedo
535 926 701 1012 equidem,
719 949 905 1014 pugnasque
922 950 1015 991 exosa
1029 911 1196 1014 relinquo.

289 1067 374 1130 lliud
389 1081 438 1141 te,
452 1064 541 1128 nulla
556 1065 614 1128 fati
629 1065 717 1152 quod
730 1064 801 1154 lege
815 1079 957 1142 tenetur,

291 1208 357 1267 Pro
372 1204 462 1268 Latio
478 1203 636 1278 obtestor,
652 1225 713 1288 pro
728 1205 891 1285 majestate
904 1217 1054 1266 tuorum:

292 1345 399 1424 Quum
411 1313 477 1422 jam
495 1337 664 1401 connubiis
678 1357 791 1423 pacem
806 1337 968 1415 felicibus,
984 1354 1073 1416 esto,

289 1478 509 1563 Componcnt,
524 1495 623 1560 quum
631 1477 698 1558 jam
710 1475 798 1561 leges
811 1491 844 1539 et
854 1476 974 1540 foedera
984 1477 1145 1561 jungent,

287 1620 332 1678 Ne
349 1630 440 1678 vetus
455 1611 620 1698 indigenas
635 1632 755 1675 nomen
770 1627 894 1676 mutere
910 1613 1054 1689 Latinos,

286 1755 354 1815 Neu
367 1755 466 1814 Troas
479 1751 549 1814 fieri
561 1750 694 1833 jubeas,
709 1755 913 1836 Teucrosque
929 1750 1056 1827 vocari,

284 1888 347 1950 Aut
363 1908 475 1952 vocem
490 1901 616 1950 mutare
632 1885 741 1958 viros,
757 1900 814 1950 aut
828 1899 956 1950 vertere
970 1899 1085 1949 vestes.

285 2028 333 2091 Sit
346 2028 487 2103 Latium,
507 2025 572 2089 sint
583 2025 697 2104 Albani
712 2047 772 2111 per
788 2024 900 2088 soecule
914 2047 1024 2111 reges3

284 2167 333 2231 Sit
344 2172 485 2229 Romana
500 2181 617 2251 potens
630 2164 709 2227 Itala
721 2164 842 2227 virtute
857 2186 1002 2250 propago
1017 2190 1025 2226 ε

285 2302 431 2380 Occidit,
449 2302 668 2387 occideritque
684 2302 769 2365 sinas
783 2323 857 2364 cum
872 2304 1024 2378 nomine,
1041 2304 1145 2384 Troju.
1165 2331 1179 2360 n

321 3048 387 3113 Olli
399 3047 568 3113 subridens
582 3046 749 3112 hominum
766 3071 939 3134 rerumque
955 3066 1105 3136 repertor
1121 3075 1129 3111 τ

277 3217 291 3246 α
308 3193 347 3252 Et
362 3209 513 3276 germana
526 3186 635 3264 iovis,
650 3187 845 3273 Saturnique
857 3185 957 3252 altera
972 3189 1099 3276 proles,

273 3333 396 3392 Irarum
412 3344 518 3393 tantos
532 3325 635 3392 volvis
651 3327 710 3391 sub
726 3342 858 3412 pectore
875 3326 1008 3390 ductus!

272 3467 391 3527 Verum
409 3486 482 3548 age,
497 3479 530 3528 et
544 3464 710 3550 inceptum
725 3463 844 3528 frustra
857 3463 1010 3528 submitte
1025 3463 1195 3530 furorem:

270 3607 321 3666 Do
337 3600 425 3687 quod
442 3603 504 3678 vis,
523 3617 555 3664 et
569 3625 619 3666 me
632 3603 799 3688 victusque
815 3604 990 3690 volensque
1006 3603 1154 3668 remitto.

269 3741 459 3804 Sermonem
476 3740 606 3801 Ausonii
622 3741 760 3826 putrium
776 3763 946 3826 moresque
964 3743 1122 3805 tenebunt
1136 3769 1144 3818 ;

266 3883 373 3964 thue
385 3896 433 3942 est
448 3902 566 3944 nomen
584 3883 645 3943 erit
661 3907 667 3943 :
688 3882 850 3946 commixti
866 3904 1003 3968 corpore
1022 3897 1148 3946 tantum

264 4018 438 4084 Subsident
454 4018 586 4093 Teucri3
605 4043 727 4089 morem
741 4022 886 4105 ritusque
902 4041 1067 4088 sacrorum
