2894 4812
343 396 401 458 tat
585 374 1064 456 nn'nrnosmunnx..
1232 399 1321 453 aas

337 529 471 593 Arcadio
488 528 597 592 infelix
611 528 677 592 telo
692 528 748 592 dat
763 543 875 614 pectus
890 531 1063 594 inermum.

385 1343 503 1403 Atrion
515 1339 600 1402 caede
611 1338 671 1402 viri
685 1351 774 1401 tanta
786 1339 960 1424 perterrita
970 1341 1105 1418 Lausus,

343 1483 422 1542 Pars
432 1478 545 1564 ingens
556 1475 651 1554 belli,
665 1476 740 1539 sinit
751 1477 888 1562 agmina.
902 1477 1028 1542 Primus
1040 1480 1198 1543 Abantem
1311 1543 1314 1550 ,

343 1615 536 1702 Oppositum
546 1614 720 1692 interimit,
732 1636 851 1701 pugnae
860 1575 1046 1702 nodumque
1058 1639 1260 1704 moramque.

344 1753 508 1817 Sternitur
520 1753 662 1818 Arcadiae
672 1751 781 1839 proles
791 1776 799 1830 ς
811 1767 1001 1819 sternuntur
1010 1754 1136 1819 Etrusci
1146 1780 1157 1831 ;

343 1894 386 1954 Et
399 1913 477 1968 vos,
494 1911 514 1952 ο
531 1891 636 1956 Graiis
652 1890 823 1977 imperdita
837 1913 975 1978 corpora
984 1939 993 1970 ,
1011 1895 1136 1956 Teucri.
1214 1889 1227 1914 ⁸

344 2029 477 2115 Agmina
488 2043 687 2091 concurrunt
697 2027 896 2114 ducibusque
906 2043 938 2092 et
948 2029 1072 2094 viribus
1084 2032 1203 2117 aequis:

344 2167 487 2230 Extremi
500 2166 677 2230 addensent
691 2167 791 2241 acies;
805 2188 867 2230 nec
881 2169 976 2230 turba
990 2169 1114 2234 moveri

344 2307 419 2372 Tela
431 2328 607 2393 manusque
617 2306 705 2370 sinit.
719 2306 802 2372 Hinc
814 2306 918 2371 Pallas
927 2308 1025 2372 instat
1036 2324 1069 2374 et
1080 2271 1197 2396 urget,

345 2445 919 2524 HinccoutraLausus,necmultum
928 2446 1194 2534 discrepatum,
1302 2477 1305 2482 ·

344 2585 473 2672 Egregii
485 2585 607 2660 lorma3
624 2583 680 2647 sed
693 2583 784 2669 queis
797 2584 929 2648 fortuna
941 2601 1075 2671 negarat

344 2731 383 2792 ln
397 2727 533 2814 patriam
549 2721 681 2788 reditus.
699 2725 788 2808 Ipsos
804 2743 997 2786 concurrere
1011 2747 1118 2810 passus

346 2864 438 2930 Haud
452 2879 559 2928 tamen
571 2862 658 2926 inter
672 2884 705 2926 sc
721 2861 827 2947 magui
840 2875 994 2947 regnator
1010 2861 1163 2953 Olympi:
1178 2944 1180 2953 Ι

346 3009 420 3068 Mox
434 3001 507 3066 illos
520 3023 576 3064 sua
589 2974 800 3064 fatamanent
814 3001 936 3081 majore
949 3000 1009 3064 sub
1025 2999 1130 3066 hoste.
1218 3029 1221 3036 ¹

389 3341 516 3406 Interea
528 3355 622 3400 soror
632 3332 715 3402 alma
725 3344 837 3396 monet
848 3351 1036 3394 succurrere
1047 3333 1150 3404 huso

346 3482 508 3553 Turnum,
520 3474 576 3560 qui
586 3472 711 3548 volucri
723 3491 821 3534 curru
834 3467 975 3532 medium
986 3483 1072 3532 secat
1083 3489 1213 3552 agmen.

348 3614 392 3676 Ut
404 3608 486 3673 vidit
498 3609 603 3672 socios
620 3632 628 3670 ι
648 3635 662 3664 a
675 3610 813 3692 Tempus
826 3603 977 3668 desistere
991 3625 1124 3691 pugne:

348 3745 443 3810 Solus
454 3767 515 3832 ego
525 3745 560 3808 in
571 3745 716 3809 Pallanta
725 3743 831 3818 feror3
845 3741 904 3805 soli
916 3741 995 3804 mihi
1005 3739 1108 3803 Pallas

347 3882 512 3946 Debetur:
528 3902 679 3967 euperem
690 3851 757 3966 ipse
768 3901 885 3968 parcus
894 3893 1057 3986 spectator
1067 3879 1202 3946 adesset.
1219 3909 1234 3938 ι

348 4021 422 4082 llaec
437 4018 498 4096 ait3
517 4033 551 4082 et
563 4018 641 4083 socii
654 4025 817 4086 cesserunt
830 4038 960 4102 aequore
969 4019 1070 4098 jusso.
