2894 4812
288 396 352 458 230
543 394 774 456 AENEIDOS
805 395 944 456 LIBER
976 396 1016 456 X.
1169 393 1266 452 v·t⁶³·

286 534 421 616 Stagna,
434 531 517 595 viam
528 530 692 606 scindens,
705 530 840 594 humero
852 530 1071 616 supereminet
1086 529 1206 606 undas3

286 676 350 738 Aut
364 675 493 738 summis
506 675 649 738 referens
663 695 816 738 annosam
831 673 995 736 montibus
1010 695 1147 750 ornum,
1198 747 1204 760 ·

284 813 533 899 Ingrediturquc
544 813 630 892 solo,
644 829 677 877 et
691 828 787 900 caput
798 815 884 876 inter
893 811 1004 875 nubila
1015 810 1145 874 condit:

286 953 368 1016 Talis
383 976 415 1016 se
431 954 526 1016 vastis
539 953 637 1016 infert
652 951 825 1016 Mezentius
839 950 945 1014 armis.

287 1088 347 1153 Hic
363 1059 478 1153 conti-a
494 1093 607 1154 AEncas
616 1134 625 1166 ,
639 1087 819 1174 speculatus
832 1087 866 1150 in
881 1087 1008 1172 agmine
1024 1087 1143 1171 longo,

288 1228 413 1292 Obvius
427 1231 474 1291 ire
488 1242 592 1314 parat.
610 1231 717 1290 Manet
730 1225 967 1311 imperterritus
981 1225 1053 1302 iile,

287 1370 420 1431 Hostem
434 1366 671 1451 magnanimum
682 1365 870 1451 opperiens,
885 1379 918 1427 et
928 1363 1014 1446 mule
1027 1385 1081 1428 sua
1093 1379 1174 1437 stat;

286 1509 391 1590 Atque
403 1503 503 1568 oculis
515 1503 652 1591 spatium
663 1503 809 1567 emensus
819 1495 974 1590 quantum
986 1504 1061 1567 satis
1071 1503 1187 1580 hastam

291 2016 440 2077 «uena
456 2011 532 2074 mut
548 2010 644 2087 aeus,
660 2026 694 2074 et
708 2010 826 2086 tetum,
844 2011 933 2095 quoa
947 2011 1183 2088 massionem,
1241 1981 1245 1989 ’

286 2152 379 2212 Nunc
394 2149 509 2212 adsint.
525 2151 636 2212 Voveo
651 2147 812 2233 praedonis
828 2169 965 2234 corpore
982 2149 1082 2235 raptis

287 2284 438 2347 lndutum
456 2283 565 2369 spoliis
578 2285 682 2385 ipspm
697 2299 749 2361 te,
767 2268 885 2361 Lause}
902 2300 1057 2372 tropaeum
1134 2281 1141 2297 ⁸

287 2425 403 2484 AEneae.
418 2450 432 2479 υ
449 2420 555 2500 Dixit,
569 2421 823 2508 stridentemque
837 2423 961 2488 eminus
976 2423 1100 2488 hastam

286 2562 412 2646 injicit:
427 2560 482 2624 illa
493 2562 606 2625 voians
616 2561 731 2648 clypeo
742 2577 790 2624 est
803 2583 949 2639 excussa,
963 2562 1144 2648 proculque
1221 2613 1224 2622 .

287 2702 460 2787 Egregium
475 2702 630 2765 Amorem
645 2701 727 2763 latus
742 2702 829 2762 inter
844 2715 876 2762 et
890 2701 944 2762 iiia
959 2701 1046 2786 figit,

287 2837 434 2901 Herculis
449 2839 605 2920 Antorem
620 2838 789 2914 comitem,
804 2838 860 2922 qui
873 2837 985 2901 missus
999 2838 1040 2901 ab
1055 2840 1148 2924 Argis

285 2977 425 3038 Haeserat
439 2965 607 3051 Evandro,
622 2990 718 3059 atque
733 2975 811 3038 Itala
826 2977 1015 3041 consederat
1030 2981 1123 3043 urbe.

289 3250 447 3339 Adspicit,
461 3267 494 3314 et
504 3249 614 3332 dulces
624 3252 767 3320 moriens
777 3253 994 3318 reminiscitur
1005 3255 1109 3341 Argos
1118 3256 1156 3318 ¹⁶.

287 3625 367 3684 Tum
381 3622 452 3708 pius
467 3627 580 3688 AEneas
594 3625 715 3689 hastam
727 3627 824 3710 jacit:
841 3623 895 3689 illa
911 3647 970 3713 per
986 3626 1099 3688 orbem

289 3766 363 3826 AEre
377 3783 491 3827 carum
505 3763 642 3848 tripiici,
659 3787 719 3852 per
733 3766 817 3829 linea
832 3781 940 3852 terga,
958 3763 1126 3847 tribusque
1167 3789 1175 3805 ·

287 3897 424 3962 Transiit
436 3899 595 3963 intextum
611 3901 710 3966 tauris
723 3925 805 3990 opus
814 3949 823 3980 ,
840 3903 967 3988 imaque
982 3900 1065 3966 sedit

287 4039 442 4132 Inguine3
460 4038 516 4104 sed
532 4040 616 4104 vires
630 4040 715 4106 haud
728 4039 875 4127 pertulit.
894 4041 993 4106 Ocius
1007 4063 1115 4104 ensem
