2908 4810
333 421 396 484 310
593 415 824 477 AENEIDOS
855 415 998 476 LIBER
1029 415 1091 475 XI.
1220 416 1307 471 nom.

331 555 448 640 Dejicit
459 553 678 626 Herminium
692 551 782 615 nudo
793 550 844 614 cui
857 550 979 614 vertice
989 551 1076 614 fulva

331 691 499 768 Caesaries,
518 689 661 776 nudique
673 686 817 762 humeri;
834 709 894 750 nec
909 687 1044 750 vulnera
1060 700 1204 765 terrent,

331 833 450 892 Tantus
460 825 496 889 in
506 847 594 889 arma
605 838 706 912 patet.
725 827 819 887 Latos
829 823 904 887 huic
915 823 1007 886 hasta'
1015 845 1074 909 per
1089 845 1196 890 armos

332 967 411 1028 heta
425 963 554 1042 tremit,
571 931 777 1051 duplicatque
791 961 896 1024 virum
911 961 1059 1024 transfixa
1071 961 1197 1026 dolore.

332 1104 491 1169 Funditur
506 1119 575 1168 ater
589 1102 712 1189 ubique
727 1121 825 1164 cruor
844 1124 852 1161 :
871 1099 949 1163 dant
963 1099 1076 1163 funera
1091 1100 1179 1165 ferro

333 1243 521 1316 Conantes,
536 1241 767 1329 pulchramque
784 1251 902 1324 petunt
915 1260 974 1323 per
993 1237 1125 1305 vulnera
1137 1255 1286 1306 mortem.

379 2381 421 2441 ht
434 2378 553 2442 medias
565 2379 652 2442 inter
663 2381 763 2444 caedes
778 2383 916 2456 exsultat
930 2405 1079 2462 amazon,

336 2522 442 2584 Unum
454 2532 576 2580 exserta
592 2516 673 2581 latus
685 2541 819 2604 pugnae,
836 2521 1020 2607 pharetrata
1029 2525 1161 2590 Camilla
1175 2551 1182 2589 t

334 2659 374 2720 Et
384 2679 471 2720 nunc
483 2657 571 2720 lenta
587 2679 685 2721 manu
700 2681 852 2746 spargens
862 2661 992 2726 hastilia
1006 2665 1136 2744 denset,

334 2797 425 2858 Nunc
441 2793 576 2858 validam
588 2794 703 2858 dextri
718 2798 802 2883 rapit
816 2798 972 2864 indefessa
988 2799 1174 2888 bipennem.

332 2933 456 2992 Aureus
467 2952 505 2992 ex
519 2929 655 2994 humero
671 2948 764 2995 sonat
774 2955 885 3013 arcus,
905 2951 938 3000 et
953 2957 1041 3002 arma
1056 2939 1178 3003 Dianae.

333 3067 391 3132 Illa
407 3069 520 3146 ctiam,
540 3068 567 3131 si
582 3069 711 3155 quando
726 3070 762 3135 in
777 3088 904 3160 tergum
920 3078 1011 3163 pulsa
1027 3081 1176 3152 recessit,

333 3205 463 3292 Spicula
479 3228 637 3270 converso
652 3207 808 3294 fugientia
824 3212 935 3300 dirigit
951 3237 1041 3279 arcu.

334 3345 377 3404 At
391 3344 512 3408 circum
527 3346 618 3409 lectae
633 3347 785 3426 comites,
799 3350 977 3436 Larinaque
989 3353 1103 3440 virgo,

334 3478 509 3564 Tullaque,
527 3499 560 3547 et
573 3499 701 3549 aeratam
718 3485 864 3570 quatiens
880 3490 1014 3574 Tarpeia
1029 3492 1186 3567 securim,

332 3615 478 3693 Italides;
495 3641 573 3704 quas
585 3624 651 3708 ipsa
664 3624 761 3689 decus
772 3625 833 3689 sibi
848 3626 898 3689 dia
913 3627 1047 3692 Camilla

334 3753 478 3838 Delegit‚
493 3757 643 3843 pacisque
654 3763 755 3827 bonas
771 3764 914 3852 bellique
928 3767 1105 3831 ministras:

334 3884 455 3966 Quales
465 3886 635 3970 Threiciae,
649 3917 749 3980 quum
763 3898 893 3961 llumina
905 3900 1154 3964 Thermodontis

339 4021 490 4100 Pulsum,
505 4039 538 4089 et
548 4026 643 4114 pictis
654 4031 817 4098 bellantur
830 4037 1007 4100 Amazones
1018 4036 1133 4110 armis;
