2908 4810
293 406 355 469 328
528 401 761 463 AENEIDOS
793 403 939 465 LIBER
968 405 1028 466 Xl.
1187 405 1283 456 ceso.

290 546 371 606 Tum
385 563 464 606 vero
474 538 649 604 immensus
661 562 796 628 surgens
811 542 886 606 ferit
896 563 994 608 aurea
1004 543 1128 609 clamor

292 679 418 744 Sidera:
431 678 554 762 dejecta
566 677 726 741 crudescit
741 701 850 766 pugna
867 681 1013 745 Camilla.

291 819 467 881 Incurrunt
481 817 571 881 densi
583 815 677 881 simul
690 819 794 882 omnis
806 781 898 906 copia
912 824 1091 899 Teucrum,

291 954 516 1053 Tyrrhenique
528 955 644 1034 duces,
659 956 866 1056 Evandrique
879 958 1019 1024 Arcades
1030 959 1102 1034 alae.,

338 1573 378 1636 At
390 1569 505 1634 Triviae
516 1583 623 1632 custos
631 1571 698 1652 jam
710 1566 833 1632 dudum
844 1569 880 1632 in
891 1569 1056 1634 montibus
1068 1571 1149 1658 Opis

293 1707 367 1770 Alta
381 1706 470 1769 sedet
482 1705 629 1783 summis,
642 1699 831 1792 spectatque
845 1703 996 1769 interrita
1009 1693 1146 1792 pugnas.

292 1848 399 1928 thue
412 1843 528 1930 procul
542 1843 648 1907 medio
657 1845 815 1927 juvenum
829 1842 863 1906 in
876 1819 1017 1907 claruere
1028 1825 1193 1941 furentum

294 1984 465 2071 Prospexit
479 1985 563 2048 tristi
574 1984 742 2048 multatam
753 1999 859 2051 morte
874 1985 1060 2062 Camillam

292 2127 537 2212 ingemuitque,
556 2127 711 2212 deditque
728 2127 784 2190 has
799 2127 865 2192 imo
880 2141 1016 2213 pectore
1031 2147 1145 2190 voces:

294 2296 308 2326 a
327 2270 413 2332 Heu!
428 2269 580 2347 nimium,
597 2267 707 2354 virgo,
722 2267 859 2333 nimium
875 2267 1006 2332 crudele
1020 2266 1108 2333 luisti

292 2381 669 2494 Supplicium'jrel‘cro‘s
684 2383 805 2472 conatd
815 2391 971 2471 lacessere
986 2393 1095 2471 bello!
1112 2403 1114 2408 ’

292 2548 357 2609 Nec
370 2547 430 2611 tibi
445 2547 581 2613 desertae
595 2548 630 2613 in
640 2548 745 2612 dumis
761 2544 899 2644 coluisse
911 2546 1048 2609 Dianam
1149 2627 1158 2634 .

291 2683 420 2748 Profuit
428 2731 437 2761 ‚
454 2700 511 2749 aut
524 2701 651 2756 nostras
664 2685 801 2750 humero
816 2683 949 2770 gessisse
965 2683 1144 2770 pharetras.

291 2827 364 2886 Nou
379 2838 488 2888 tamen
501 2824 689 2890 indecorem
700 2840 754 2889 tua
766 2839 799 2889 te
815 2824 928 2912 regina
939 2822 1074 2910 reliquit
1092 2804 1096 2809 .

290 2962 441 3024 Extrema
451 2963 520 3045 jam
530 2962 564 3025 in
580 2977 706 3026 morte:
723 2985 831 3049 neque
848 2961 911 3026 hoc
925 2962 993 3027 sine
1007 2961 1142 3027 nomine
1151 2961 1253 3032 letum

292 3102 357 3163 Per
371 3116 484 3189 gentes
500 3102 582 3180 erit,
597 3119 653 3167 aut
667 3103 784 3167 famam
798 3103 931 3191 patieris
945 3101 1067 3166 inultm.

293 3237 372 3301 Nam
388 3239 573 3327 quicunque
586 3256 678 3306 tuum
689 3240 824 3308 violavit
834 3241 971 3307 vulnere
985 3261 1124 3327 corpus,

293 3375 398 3437 Morte
412 3374 480 3441 luet
490 3379 616 3444 merita.
634 3407 649 3438 »
663 3379 736 3444 Fuit
745 3380 862 3466 ingens
872 3393 985 3444 moute
995 3377 1057 3442 sub
1066 3375 1134 3442 alto

293 3512 390 3596 Regis
401 3507 564 3605 Dercenni
575 3536 706 3584 terreno
723 3541 760 3583 ex
773 3481 1035 3606 aggere-bustum

292 3648 426 3736 Antiqui
436 3619 621 3733 Laurentis,
639 3678 804 3743 opacaque
815 3653 888 3720 ilice
900 3633 1041 3720 tectum:

294 3784 354 3852 Hic
368 3785 427 3850 dea
444 3809 477 3850 se
488 3788 629 3875 primum
646 3794 761 3881 rapido
775 3793 995 3881 pulcherrima
1008 3793 1081 3858 nisu

295 3923 402 4001 Sistit,
417 3941 452 3992 ct
461 3930 637 4000 Arruntem
650 3933 775 3998 tumulo
786 3933 970 4019 speculatur
985 3934 1025 3998 ab
1036 3931 1116 3998 alto.

295 4066 336 4137 Ut
353 4061 432 4129 vidit
446 4064 623 4151 fulgentem
637 4072 732 4135 armis
747 4093 782 4136 ac
798 4093 875 4135 vana
887 4087 1085 4136 tumentem:
