2894 4812
295 399 356 459 236
534 400 767 462 AENElDOS
797 401 940 462 LIBER
971 401 1011 460 X.
1181 402 1275 450 ”8²6-

294 536 439 600 Manibus
454 551 486 598 et
500 537 619 613 cineri,
634 537 660 598 si
676 557 738 620 qua
754 551 802 600 est
818 557 854 598 ea
869 559 964 607 cura,
981 539 1125 602 remitto.
1304 519 1308 532 ⁴

293 676 362 736 Hoc
377 688 483 736 tamen
497 672 608 736 infelix
621 673 770 738 miseram
786 673 930 737 solabere
945 690 1102 752 mortem3

292 815 396 874 AEneae
411 812 519 897 magni
534 811 645 876 dextra
663 812 747 875 cadis
756 811 794 874 ¹⁷.
809 842 823 870 a
836 816 986 900 Increpat
1000 813 1087 876 ultro

293 927 488 1011 Cunctantes
503 949 630 1025 socios,
640 964 673 1012 et
688 917 776 1014 terra
790 952 935 1014 sublevat
948 951 1074 1037 ipsum,

293 1084 454 1169 Sanguine
470 1099 655 1170 turpantem
666 1079 813 1172 comptos
824 1088 864 1152 de
878 1111 968 1164 more
982 1089 1126 1175 capillos.

341 1672 469 1748 Interea
487 1671 617 1755 genitor
631 1671 809 1756 Thpberini
823 1671 863 1735 ad
879 1673 1022 1737 fluminis
1037 1673 1155 1738 undam

295 1803 450 1868 Vulnerat
461 1807 600 1870 siccabat
614 1808 770 1894 lymphis,
788 1831 969 1895 corpusque
984 1809 1128 1888 levabat,

294 1943 427 2007 Arboris
440 1944 568 2010 acclinis
583 1962 720 2013 trunco:
735 1949 850 2035 procul
864 1973 944 2013 aerea
961 1953 1055 2014 ramis
1160 1935 1166 1948 ⁸

294 2082 463 2167 Dependet
475 2084 578 2170 galea,
592 2103 625 2149 et
637 2104 730 2173 prato
743 2089 850 2173 gravia
861 2111 948 2152 arma
960 2090 1140 2175 quiescunt.

295 2220 388 2281 Stant
399 2219 474 2283 lecti
486 2223 607 2285 circum
615 2226 768 2306 juvenes:
783 2227 851 2312 ipse
860 2249 958 2312 aegep,
971 2228 1140 2304 anhelans,

299 2354 389 2420 Colla
403 2358 510 2437 fovet,
526 2361 612 2425 fusus
625 2385 802 2450 propexam
817 2366 851 2430 in
866 2382 998 2453 pectore
1013 2366 1157 2430 barbam.

298 2687 396 2752 Multa
406 2715 504 2780 super
514 2699 614 2760 lanso
625 2699 761 2783 rogitat,
773 2697 956 2782 multosque
967 2695 1104 2768 remittit

300 2828 365 2909 Qui
375 2849 545 2913 revocent,
559 2837 727 2922 moestiqne
737 2837 843 2900 ferant
852 2833 1001 2897 mandata
1011 2831 1165 2918 parentis.

302 2971 343 3028 At
354 2971 488 3033 Lausum
499 2972 578 3034 socii
590 2975 767 3037 exanimem
778 2995 875 3059 super
888 2993 975 3035 arma
985 2969 1133 3064 ferebant

303 3101 446 3183 Flentes,
459 3107 641 3192 ingentem,
656 3126 752 3197 atque
764 3111 888 3196 ingenti
902 3108 1032 3175 vulnere
1042 3106 1176 3172 victum.

302 3893 441 3976 Agnovit
455 3893 551 3977 lpnge
566 3895 720 3977 gemitum
735 3915 875 3980 praesaga
890 3891 963 3956 mali
980 3913 1089 3964 mens;

301 4030 457 4096 Canitiem
475 4031 577 4098 multo
590 4032 749 4098 deformat
763 4031 916 4118 pulvere,
935 4045 967 4096 et
982 4029 1090 4094 ambas
