2872 4816
298 407 357 472 138
532 402 766 492 AENEIDOS
795 402 941 480 LIBER
972 401 1032 462 tx.
1184 399 1274 446 ”⁶⁶⁵-

289 541 468 605 lntendunt
483 560 572 602 aeres
586 559 698 612 meus,
715 551 906 621 amentaque
921 551 1089 622 torquent.

291 679 455 772 Sternitur
466 698 563 741 omne
573 675 678 739 solum
688 675 779 738 telist
795 689 862 739 tum
876 690 964 738 scuta
974 695 1123 760 caveque

290 817 377 876 Dant
388 777 529 876 sonitum
541 811 630 877 flictu
642 777 739 898 gaileae
751 835 758 874 ε
774 833 884 898 pugna
895 833 1007 897 aspera
1021 811 1141 898 surgit3

291 956 439 1034 Quantus
453 953 494 1015 ab
509 974 623 1018 occasu
638 952 770 1016 veniens
785 949 981 1038 pluvialibus
997 949 1102 1012 Haedis

288 1092 446 1154 Verberat
456 1090 561 1154 imber
571 1089 720 1164 ltumum3
736 1058 835 1174 quain
845 1087 946 1152 multa
958 1074 1121 1174 grandine,
1129 1089 1233 1151 nimbi

291 1232 328 1290 ln
341 1227 419 1290 vada
429 1226 649 1312 praecipitant,
664 1247 764 1311 quum
774 1223 904 1310 Jupiter
916 1223 1068 1287 horridus
1078 1224 1196 1288 austris
1210 1264 1213 1272 ·

292 1368 435 1449 Torquet
452 1383 603 1449 aquosam
614 1363 769 1440 hiemem,
787 1375 819 1424 et
832 1362 915 1426 coelo
929 1360 1003 1426 caia
1015 1361 1126 1426 nubila
1138 1361 1269 1447 rumpit„

334 1970 499 2033 Pandarus
514 1935 678 2047 et'Bitiam
692 1971 776 2034 Idaeo
793 1971 951 2036 Alcanore
967 1974 1066 2049 oreti,

290 2111 380 2190 Quos
393 2110 482 2173 Jovis
498 2110 608 2174 eduxit
623 2109 697 2174 luco
711 2109 865 2174 silvestris
880 2115 974 2188 Iaera,

288 2247 457 2312 Abietibus
467 2250 604 2331 juvenes
619 2249 719 2334 patris
735 2264 769 2311 et
783 2252 948 2316 montibus
963 2273 1080 2336 equos,
1167 2295 1172 2306 ·

287 2391 436 2465 Portam,
450 2409 521 2473 quae
531 2386 621 2450 ducis
631 2387 769 2473 imperio
783 2389 965 2464 commissu,
981 2387 1155 2452 recludunt

286 2524 375 2588 Freti
388 2523 484 2587 armis
493 2571 502 2601 ,
520 2523 673 2610 ultroque
689 2524 829 2588 invitant
843 2525 1004 2589 moenibus
1019 2524 1157 2589 hostem.

284 2664 349 2749 lpsi
362 2663 450 2728 intus
465 2664 577 2728 dextra
591 2686 628 2727 ac
643 2663 721 2728 laeva
736 2686 797 2750 pro
814 2663 959 2727 turribus
976 2662 1122 2741 adstant,

282 2793 409 2867 'Armati
423 2801 531 2880 ferro,
546 2817 578 2866 et
593 2802 698 2866 cristis
715 2800 820 2886 capita
833 2799 899 2865 altu
913 2766 1058 2888 corusci:

286 2941 406 3024 Quales
421 2941 514 3004 aeriae
528 2940 685 3026 liquentia
701 2939 832 3012 flumina
841 2929 971 3003 'circum
981 2953 1004 3016 ,¹

283 3077 358 3141 Sive
369 3076 448 3139 Padi
458 3077 552 3163 ripis,
567 3075 711 3140 Athesim
723 3098 779 3140 seu
791 3091 930 3162 propter
943 3087 1105 3139 amoenum
1116 3123 1135 3152 ,⁵
1161 3113 1164 3118 ·

247 3287 255 3290 ,
284 3217 494 3304 Consurgunt
506 3215 641 3304 geminae
653 3238 808 3301 quercus,
823 3217 1016 3299 intonsaque
1028 3204 1118 3278 coelo'

283 3354 447 3419 Attollunt
461 3354 583 3444 capita,
602 3369 635 3416 et
650 3352 780 3420 sublimi
795 3333 918 3416 vertice
934 3366 1062 3423 nutant.

281 3495 491 3578 lrrumpunt,
508 3491 613 3559 aditus
624 3489 737 3556 Rutuli
752 3504 789 3552 ut
805 3487 916 3552 uidere
933 3503 1092 3574 patentes.
1157 3547 1158 3552 ,

278 3605 449 3696 Ὀοιιιίιιυο
464 3634 649 3712 Quercens,
666 3645 699 3693 et
709 3623 846 3716 pulcher
858 3627 1031 3712 Aquiculus
1044 3628 1160 3705 armis,

285 3770 326 3828 Et
336 3789 480 3852 praeceps
491 3767 588 3830 animi
598 3772 749 3842 Tmarus,
766 3782 798 3829 et
810 3767 986 3831 mavortius
996 3767 1151 3844 Haemon‚‘
1189 3789 1194 3794 ’

284 3906 474 3991 Agminibus
491 3905 566 3967 totis
582 3922 636 3968 aut
652 3909 737 3970 versi
753 3920 843 3990 terga
858 3905 994 3980 dedere,

286 4049 349 4109 Aut
362 4044 434 4131 ipso
447 4058 553 4130 ‚portae
569 4067 705 4130 posuere
722 4044 757 4106 in
774 4043 883 4107 limine
900 4045 1010 4107 vitam.
