2908 4810
312 413 373 475 aaa
538 379 1065 474 numuosumuuxri.
1204 409 1298 469 aar.

311 544 439 620 Maluit,
454 558 487 606 et
500 557 604 605 mutas
616 542 737 628 agitare
749 540 905 626 inglorius
914 515 1013 604 artes:

308 681 440 758 Stabat,
457 681 571 744 acerba
586 667 727 744 fremens
735 726 746 761 ‚
762 679 928 765 ingentem
944 679 1037 743 nixus
1050 679 1086 742 in
1098 679 1242 758 hastam,

307 822 438 897 AEneas,
456 841 572 905 magno
584 819 741 904 juvenum
754 833 787 881 et
801 819 966 881 maerentis
980 816 1041 902 tuli

306 957 494 1035 Concursu‚
508 954 856 1052 lacrymis'immobilis.
874 955 931 1019 llle
945 971 1071 1021 retorto

306 1092 472 1159 Paeonium
487 1095 521 1158 in
537 1108 677 1158 mortem
694 1092 803 1156 senior
811 1093 993 1158 succinctus
1005 1095 1136 1174 amictu,

307 1233 406 1296 Multa
423 1255 519 1296 manu
535 1231 659 1295 medica
676 1231 855 1317 Phoebique
872 1233 1060 1317 potentibus
1075 1233 1186 1299 herbis

307 1373 526 1458 Nequicquam
539 1369 698 1460 trepidat,
715 1371 931 1458 nequicquam
948 1372 1068 1458 spicula
1081 1373 1193 1438 dextra

305 1510 481 1588 Sollicitat,
498 1489 694 1596 prensatque
711 1508 816 1572 tenaci
826 1508 949 1596 forcipe
960 1510 1094 1574 ferrum.

307 1649 400 1714 Nulla
416 1651 499 1716 viam
511 1651 641 1713 fortuna
651 1650 752 1736 regit,
765 1650 843 1714 nihil
860 1667 973 1718 auctor
989 1652 1105 1738 Apollo

307 1791 485 1854 Subvenit:
504 1805 537 1853 et
548 1812 648 1854 saevus
660 1790 781 1876 campis
795 1791 894 1876 magis
910 1811 946 1856 ac
957 1791 1058 1877 magis
1066 1791 1194 1856 'horror

307 1929 508 2007 Crebrescit‚
522 1929 720 2016 propiusque
734 1928 853 1992 malum
870 1943 928 1992 est.
940 1933 1013 1992 Jam
1024 1929 1161 2015 pulvere
1172 1933 1288 1996 coelum

306 2069 399 2130 Stare
415 2066 545 2142 viden't3
562 2067 702 2130 subeunt
714 2067 856 2152 equites,
875 2083 908 2130 et
924 2067 1046 2153 spicula
1061 2070 1173 2132 castris

307 2207 413 2265 Densa
428 2202 546 2299 eadunt
561 2203 690 2267 mediis:
707 2204 734 2267 it
747 2205 848 2267 tristis
860 2204 900 2292 ad
913 2205 1032 2268 aethera
1049 2207 1167 2270 clamor

307 2338 486 2403 Bellantum
493 2343 667 2424 juvenum,
683 2357 720 2410 ,et
730 2341 813 2407 duro
829 2344 890 2408 sub
901 2346 1002 2410 Marte
1018 2345 1198 2413 cadentum.

350 3389 409 3452 Hic
420 3394 543 3470 Venus,
562 3381 780 3476 indigno'nati
792 3411 944 3455 concussa
958 3391 1073 3456 dolore

304 3529 509 3594 Dictamnum
521 3531 661 3616 genitrix
672 3531 794 3594 Cretaea
809 3532 913 3617 carpit
927 3533 966 3606 ab
981 3531 1054 3609 lda,

304 3666 486 3729 Puberibus
497 3666 620 3732 caulem
635 3668 720 3732 foliis
735 3685 768 3731 et
781 3669 861 3733 flore
875 3687 1057 3735 comantem

303 3809 492 3890 Purpureo:
510 3825 578 3868 non
589 3805 642 3870 illa
657 3807 734 3872 feris
746 3808 910 3896 incognita
922 3810 1026 3895 capris

302 3945 455 4009 Gramina
467 3992 475 4022 ,
490 3966 589 4030 quum
601 3961 695 4033 tergo
706 3948 854 4011 volueres
867 3947 987 4012 haesere
998 3947 1132 4032 sagittat.

301 4084 370 4143 Hoc
381 4082 505 4161 Venus,
525 4082 790 4149 'obscurufaciem
802 4085 998 4148 circumdata
1014 4086 1149 4162 nimbo,
