2908 4810
302 375 364 436 378
531 371 764 436 AENEIDOS
794 374 939 436 LIBER
970 375 1054 438 Xll.
1196 375 1290 422 cass.
1386 411 1389 426 t

300 513 395 574 Hunc
405 509 521 596 procul
534 526 571 575 ut
583 531 696 596 campo
708 515 834 578 Turnus
845 514 1013 599 prospexit
1023 528 1160 600 aperto,

298 648 380 710 Ante
397 646 460 710 levi
471 645 579 729 jaculo
596 646 729 733 longum
746 671 805 734 per
823 650 918 712 inane
935 665 1083 728 secutus,

298 783 389 851 Sistit
403 805 503 867 equos
519 784 661 870 bijuges,
681 800 713 848 et
731 807 829 849 curru
845 785 969 863 desilit,
987 802 1084 873 atque

300 933 486 997 Semianimi
499 933 652 1026 lapsoque
668 938 875 1024 supervenit,
890 954 923 1002 ct
937 939 1020 1026 pede
1036 937 1121 1004 collo

297 1077 476 1158 Impresso,
491 1074 612 1142 dextrae
626 1099 821 1146 mucronem¹
832 1094 1023 1165 extorquet,
1039 1095 1072 1142 et
1086 1079 1154 1144 alto
1188 1155 1192 1161 ¹

298 1213 495 1300 Fulgentem'
501 1216 598 1303 tingit
604 1217 737 1304 jugulo,
751 1233 848 1303 atque
862 1219 930 1282 haec
944 1219 1077 1305 iusuper
1088 1220 1197 1283 addit:

300 1381 314 1409 α
331 1356 381 1416 En
398 1375 508 1440 agros,
527 1370 559 1417 et
575 1378 671 1440 quam
686 1349 794 1434 bello,
816 1359 970 1442 Trojane,
989 1359 1119 1446 petisti,

300 1491 485 1578 Hesperiam
497 1491 611 1560 metire
623 1495 732 1574 jacens
745 1516 753 1554 ε
769 1494 835 1556 haec
847 1496 996 1581 praemia,
1011 1496 1068 1582 qui
1080 1518 1132 1558 me

300 1636 400 1695 Ferro
416 1630 482 1692 ausi
498 1644 644 1706 tentare,
662 1613 853 1705 ieruntssic
870 1631 987 1696 moenia
1001 1630 1159 1696 condunt.
1175 1661 1188 1690 tt

343 1947 347 1975 i

345 2354 427 2418 Huic
438 2356 589 2420 comitem
602 2355 764 2432 Asbuten,
778 2356 925 2440 conjecta
936 2354 1068 2441 cuspide
1079 2347 1216 2431 ,mittit3

302 2493 521 2578 Chloreaque,
537 2495 766 2580 Sybarimque,
785 2498 986 2579 Daretaque,
1001 2492 1323 2586 Thersilochumque.

300 2634 340 2694 Et
352 2634 506 2700 sternacis
522 2635 597 2720 equi
612 2635 735 2721 lapsum
752 2633 878 2697 cervice
892 2625 1097 2718 Thymoeten.

289 2745 345 2838 'Ac
360 2754 449 2837 'velut
465 2773 569 2838 Edoni
578 2777 695 2877 ¹Bereae
710 2793 810 2858 quum
826 2773 956 2860 spiritus
971 2772 1037 2838 alto

299 2916 430 2976 Insonat
443 2917 564 2999 AEgaeo,
580 2914 793 2999 sequiturque
806 2912 845 2974 ad
858 2912 969 2976 littora
981 2893 1117 2986 fluctus3

301 3053 372 3132 Qua
387 3051 475 3113 venti
492 3049 687 3128 incubuere,
705 3049 812 3142 fugam
828 3049 907 3113 dant
922 3049 1034 3112 nubila
1049 3049 1152 3118 coelo:
1220 3055 1225 3066 '

301 3188 354 3253 Sic
365 3194 491 3266 Turne,
507 3211 707 3276 quacumque
719 3188 803 3251 viam
816 3204 918 3267 secat,
932 3183 1060 3274 agmina
1072 3187 1210 3261 cedunt,

302 3330 538 3416 Conversaeque
553 3303 653 3394 ruunt
668 3329 766 3405 acics3
784 3329 849 3395 fert
863 3329 1003 3416 impetus
1018 3329 1142 3426 ipsum,

300 3475 340 3534 Et
351 3471 480 3535 cristam
491 3471 625 3536 adverso
639 3491 738 3533 curru
750 3469 854 3554 quatit
865 3490 943 3534 aura
955 3469 1132 3546 volantem.

302 3613 375 3673 Non
386 3608 461 3672 tulit
470 3609 644 3701 instantem
656 3607 803 3693 Phegeus
817 3585 995 3694 animisque
1006 3609 1203 3674 frementem
1216 3635 1224 3684 ;

303 3748 435 3834 Objecit
449 3751 516 3809 se'se
532 3744 572 3807 ad
581 3746 734 3824 currum,
750 3761 783 3808 et
797 3747 978 3833 spumantia
992 3745 1092 3808 freiiis
1149 3817 1168 3846 A,
1184 3732 1188 3740 ’

304 3888 375 3949 Ora
387 3885 560 3949 citatorum
574 3882 687 3948 dextra
702 3884 839 3948 detorsit
856 3907 1024 3972 equorum.
1050 3857 1065 3868 .,
1193 3851 1196 3858 .

302 4030 388 4089 Dum
399 4026 549 4102 trahitur,
563 4025 748 4112 pendetque
756 4025 858 4110 jugis,
868 4005 960 4108 'laune
972 4025 1035 4088 lata
1047 4035 1211 4090 retectum
