2872 4816
295 424 353 485 tat
530 423 761 531 AENElnop
791 424 936 485 LIBER
963 425 1023 486 lx.
1178 421 1267 478 v·⁵at·

291 559 453 623 Rescindit
468 560 604 636 vallum,'
622 575 654 622 et
668 559 815 626 scalasin
830 559 944 622 moenia
960 559 1074 645 poscit.

332 698 415 774 voe,
433 720 453 760 0
469 697 631 784 Calliope,
648 718 778 783 precor,
798 687 957 780 adspirate
972 695 1120 768 canenti,

290 839 377 917 Quas
387 836 432 898 ibi
444 852 521 899 tunc
531 835 619 898 ferro
632 849 768 920 strages,
782 855 853 919 quae
864 834 977 897 funera
987 805 1113 898 Turnus

289 973 453 1052 Ediderit,
470 996 566 1060 quem
578 957 714 1059 quisque
725 972 831 1036 virum
843 972 1006 1036 demiserit
1018 975 1106 1036 Orco
1117 953 1139 1049 'r'

289 1110 330 1171 Et
344 1132 469 1173 mecum
483 1110 632 1194 ingentes
647 1131 720 1172 oras
735 1107 875 1174 evolvite
891 1107 990 1171 belli:

290 1248 330 1307 Et
341 1245 527 1309 meministis
539 1245 642 1320 enim,
659 1244 741 1308 dirae
749 1291 758 1322 ,
772 1260 805 1307 et
816 1243 995 1307 memorare
1005 1244 1154 1331 potestist

332 1507 442 1570 Turris
457 1522 526 1570 erat
542 1523 632 1571 vasto
649 1525 798 1595 suspectu
813 1523 845 1571 et
861 1508 1016 1593 pontibus
1030 1507 1121 1585 altis,

290 1646 485 1731 Opportuna
499 1645 572 1709 loco
580 1692 589 1724 ,
607 1646 737 1709 summis
753 1668 850 1732 quam
864 1631 988 1710 viribus
1001 1666 1114 1708 omnes

288 1785 479 1869 Expugnare
494 1782 567 1847 Itali
575 1830 584 1861 ,
600 1804 786 1868 summaque
801 1797 949 1848 evertere
964 1785 1062 1868 opum
1077 1778 1133 1876 ri,

289 1920 480 1997 Certabant,
493 1925 591 1983 Troes
606 1935 720 2020 contra
734 1919 908 1984 defendere
922 1917 1022 1999 saris,
1065 2011 1067 2016 Ι

288 2065 416 2147 Perque
431 2081 522 2124 cavas
536 2058 627 2122 densi
642 2056 706 2122 tela
721 2059 910 2144 intorquere
925 2061 1096 2128 fenestras,

289 2198 444 2285 Princeps
458 2198 624 2263 ardentem
640 2199 778 2281 conjecit
793 2199 939 2286 lampada
954 2206 1099 2280 Turnus,

287 2338 329 2399 Et
343 2337 500 2401 flammam
515 2337 616 2399 affixit
630 2336 743 2414 lateri,
759 2360 829 2424 quae
843 2336 982 2424 plurima
996 2355 1100 2404 vento-

290 2473 456 2560 Corripuit
469 2474 611 2554 tabulas,
625 2491 657 2539 ct
671 2477 817 2563 postibus
832 2476 921 2540 haesit
935 2477 1048 2542 adesis.

289 2615 420 2678 Turbati
434 2615 596 2702 trepidare
609 2615 717 2696 intus,
736 2619 918 2703 frustraque
932 2618 1090 2681 malorum

289 2750 379 2816 Velle
390 2750 515 2837 fugam:
529 2752 606 2816 dum
617 2776 651 2817 se
662 2754 860 2838 glomerant,
873 2768 1027 2839 retroque
1039 2753 1182 2817 residunt

288 2893 326 2953 ln
340 2905 464 2975 partem
482 2913 552 2977 quae
567 2907 657 2978 peste
675 2907 780 2968 caret,
797 2908 864 2954 tum
879 2892 1026 2979 pondere
1038 2895 1137 2957 turris

290 3015 469 3090 Procubuit
480 3027 606 3104 subito,
624 3043 657 3091 et
671 3028 788 3092 coelum
803 3044 895 3094 tonat
910 3053 1006 3126 omne
1022 3031 1163 3119 fragore.

293 3632 472 3696 Semineces
486 3634 527 3697 ad
542 3649 679 3713 terram3
695 3635 826 3700 immani
840 3630 926 3701 mole
941 3653 1067 3714 secuta,
1135 3691 1137 3696 .

293 3766 481 3854 Confixique
495 3769 558 3831 suis
573 3771 665 3850 telis,
678 3788 711 3836 et
724 3788 857 3859 pectora
871 3772 953 3837 duro

289 3904 462 3969 Transfossi
473 3903 580 3990 ligno,
593 3909 738 3971 veniunt.
754 3911 814 3973 Vix
825 3933 907 3974 unus
919 3911 1073 3987 Helenor,

289 4045 329 4108 Et
339 4045 457 4127 Lycus,
470 4041 568 4128 clapsi
576 4043 588 4121 3'
601 4068 739 4131 quorum
752 4033 920 4135 primaevus
931 4050 1090 4126 Helenor,
