2908 4810
312 394 372 456 aot
553 388 783 453 AENEIDOS
814 390 960 466 LIBER
993 392 1055 451 XI.
1205 389 1296 448 *⁵7⁰-

312 531 477 605 Nutrihat,
494 529 613 592 teneris
628 528 821 614 immulgens
837 529 936 592 ubera
952 529 1060 592 labris.

312 673 417 753 thue
434 665 552 752 pedum
568 665 681 750 primis
694 666 798 728 infans
814 666 945 752 vestigia
959 664 1078 752 plantis

312 805 496 882 Institerat,
511 805 619 888 jaculo
635 804 755 889 palmas
771 804 918 866 oneravit
934 819 1050 867 acuto:

312 945 504 1033 Spiculaque
518 967 555 1006 ex
569 943 705 1006 humero
717 963 824 1028 parvae
835 939 1002 1028 suspendit
1014 957 1047 1004 et
1060 964 1183 1006 arcum.

312 1090 378 1147 Pro
395 1080 509 1146 crinali
522 1103 620 1157 auru,
637 1103 698 1166 pro
713 1080 818 1165 longae
833 1080 975 1166 tegmine
991 1080 1083 1166 pailae
1092 1127 1101 1158 ,

311 1222 449 1310 Tigridis
465 1220 584 1284 exuviae
598 1240 657 1305 per
672 1219 804 1282 dorsum
820 1241 838 1281 a
853 1219 975 1283 vertice
990 1220 1145 1306 pendent.

311 1360 386 1424 Tela
403 1381 497 1422 manu
507 1360 574 1441 jam
590 1372 659 1421 tum
675 1373 786 1421 tenera
802 1357 938 1443 puerilia
951 1359 1063 1434 tors'it,
1087 1355 1108 1366 ⁶

313 1502 353 1561 Et
368 1496 499 1561 fundam
514 1497 609 1560 tereti
623 1497 745 1559 circum
760 1512 858 1582 caput
873 1497 939 1583 egit
952 1497 1096 1573 habena,

313 1637 596 1723 Strymoniamque
607 1659 719 1722 gruem
732 1653 787 1700 aut
798 1637 906 1701 album
917 1637 1035 1722 dejecit
1046 1637 1184 1700 olorem.

313 1775 421 1840 Multae
431 1777 518 1842 iilam
529 1778 648 1841 frustra
657 1776 825 1863 Tyrrhena
836 1797 895 1862 per
907 1775 1026 1862 oppida
1039 1751 1158 1840 inatres
1171 1853 1173 1862 y

314 1917 479 2000 Optavere
494 1939 614 1979 nurum
629 1940 636 1977 :
654 1916 721 1978 sola
737 1929 890 1979 contenta
910 1915 1032 1990 Diana,

313 2058 480 2116 AEternum
495 2053 635 2116 telorum
653 2068 685 2114 et
701 2051 892 2139 virginitatis
907 2067 1065 2114 amorem·

312 2194 505 2255 intemerata
519 2191 608 2254 colit.
622 2191 745 2255 Vellem
757 2189 842 2253 haud
854 2206 1003 2282 correpta
1014 2190 1124 2254 suisset

314 2331 427 2396 Militia
442 2331 516 2410 tali,
531 2345 645 2394 conata
660 2330 814 2394 lacessere
826 2334 967 2420 Teucros
979 2355 989 2418 ςι
1065 2409 1068 2418 Ι
1131 2402 1134 2412 ¹
1159 2409 1161 2416 y

317 2471 398 2534 Cara
413 2470 508 2548 mihi,
530 2471 751 2556 comitumque
767 2470 853 2534 foret
865 2440 955 2534 uunc
971 2492 1036 2533 una
1051 2491 1206 2534 mearum.
1251 2464 1254 2490 ¹

315 2610 435 2671 Verum
448 2629 525 2693 age,
543 2607 806 2693 quandoquidem
827 2607 897 2670 fatis
913 2623 1048 2693 urgetur
1064 2607 1206 2685 acerbis,

316 2744 453 2819 Labore,
472 2739 632 2833 Nympha,
651 2747 728 2832 polo
739 2793 748 2824 ,
767 2747 910 2831 finesque
925 2747 1026 2811 invise
1040 2747 1188 2822 Latinos,
1232 2715 1235 2724 .

315 2882 426 2945 Tristis
442 2885 498 2968 ubi
513 2884 651 2947 infausto
668 2885 882 2949 committitur
898 2887 1141 2976 omine-pugna.

317 3021 392 3084 Haec
404 3043 481 3107 cape
494 3069 502 3100 ‚
515 3036 548 3084 et
560 3022 706 3086 ultricem
719 3014 873 3108 pharetra
885 3003 1041 3108 deprome
1052 3023 1200 3110 sagittam
1213 3047 1221 3085 :

315 3158 400 3235 Hac,
419 3158 603 3244 quicunque
619 3180 743 3222 sacrum
760 3158 889 3222 violarit
904 3157 1040 3222 vulnere
1056 3181 1196 3245 corpus,

315 3300 394 3359 Tros
411 3297 562 3374 Italosve,
581 3298 659 3361 mihi
674 3300 796 3384 pariter
812 3299 867 3363 det
882 3299 1036 3385 sanguine
1051 3321 1174 3386 poenas.
1191 3343 1200 3351 -

315 3891 393 3950 Post
407 3911 468 3976 ego
485 3889 572 3955 nube
587 3918 663 3960 cava
679 3897 867 3962 miserandae
882 3922 1000 3986 corpus
1016 3916 1048 3964 et
1057 3923 1153 3970 arma

311 4024 484 4110 lnspoliata
498 4027 597 4094 feram
614 4034 755 4112 tumulo,
772 4034 948 4121 patriaeque
964 4059 1133 4122 reponam.
1149 4066 1164 4094 ι»
