2908 4810
294 389 355 449 sto
535 387 1025 454 nuntuosttuunxr.
1174 353 1267 446 noi-

334 525 450 590 Incidit
459 525 547 602 huic,
561 525 732 611 subitoque
743 523 894 612 adspectu
904 526 1036 590 territus
1045 526 1152 604 haesit,

291 665 553 749 Appenninicoiae
566 663 706 728 bellator
721 663 804 726 filius
819 662 918 739 Auni,

290 802 382 866 Hnud
393 803 543 888 Ligurum
556 818 731 878 extremus,
745 801 821 870 dum
832 801 942 864 fallere
954 800 1018 874 fata
1029 801 1189 879 sinebant.

289 941 396 1024 Isque,
410 941 466 1004 ubi
476 962 509 1004 sc
520 940 611 1008 nullo
619 943 685 1024 jam
698 963 793 1003 cursu
804 939 938 1004 evadere
949 961 1066 1026 pugnae

288 1078 400 1153 Posse,
414 1098 519 1161 neque
533 1077 705 1166 instantem
716 1078 860 1164 reginam
872 1091 1035 1153 avertere,
1048 1077 1172 1152 cernit,

288 1212 430 1278 Consilio
444 1233 570 1276 versare
584 1210 677 1275 dolos
692 1211 851 1296 ingressus
866 1227 899 1274 et
914 1226 999 1300 astu,

286 1352 403 1438 Incipit
414 1352 499 1415 haec:
516 1379 530 1408 a
544 1349 631 1433 Quid
641 1365 707 1412 tam
718 1352 899 1435 egregium,
912 1350 938 1413 si
947 1349 1064 1414 femina
1075 1349 1154 1413 forti

287 1492 371 1556 Fidis
384 1491 489 1577 equo?
502 1489 628 1553 dimitte
639 1489 763 1574 fugam,
778 1504 811 1552 et
823 1503 855 1552 te
867 1488 1010 1553 cominus
1020 1511 1111 1574 coquo

285 1635 408 1694 Mecum
420 1630 514 1695 crede
525 1630 612 1708 solo,
628 1598 807 1717 pugnaque
819 1629 948 1716 accinge
960 1628 1100 1715 pedestri
1112 1652 1119 1689 ι

284 1775 355 1834 Jarn
370 1791 482 1835 nosces
496 1783 629 1838 ventosa
643 1769 725 1834 ferat
740 1768 791 1832 cui
807 1768 910 1854 gloria
924 1767 1080 1832 fraudem.
1097 1795 1112 1824 s

328 2097 436 2160 Dixit:
452 2112 485 2160 at
499 2097 553 2160 illa
568 2096 679 2162 furens
687 2143 697 2174 ,
714 2098 843 2184 acrique
858 2119 989 2162 accensa
1001 2098 1133 2174 dolore,
1233 2161 1243 2185 0

283 2237 391 2301 Tradit
402 2259 520 2322 equum
532 2237 659 2316 comiti,
672 2236 867 2324 paribusque
880 2237 999 2301 resistit
1010 2239 1046 2301 in
1056 2237 1165 2313 armis,

281 2380 363 2440 Ense
377 2375 475 2464 pedes
488 2376 595 2455 nudo,
613 2398 757 2463 puraque
773 2376 921 2440 interrita
936 2399 1057 2464 parma.

282 2518 324 2578 At
336 2514 480 2598 juvenis,
498 2515 608 2579 vicisse
623 2515 700 2579 dolo
716 2489 823 2594 ratus,
839 2515 944 2580 avolat
957 2515 1025 2601 ipse

282 2651 375 2715 Haud
387 2672 492 2728 mora,
507 2652 732 2739 conversisque
744 2653 837 2740 fugax
851 2654 996 2718 aufertur
1007 2654 1155 2731 habenis,

281 2788 591 2875 Quadrupedemque
607 2789 706 2853 citum
721 2789 838 2853 ferrata
854 2789 940 2854 calce
954 2789 1074 2875 fatigat·

284 2953 298 2982 «ι
314 2929 401 2990 Vane
416 2925 528 3011 Ligus,
541 2924 724 3011 frustraque
740 2927 852 2991 animis
867 2926 1109 3012 elatc·superbis
1118 2973 1127 3002 ,

283 3062 504 3150 Nequidquam
518 3062 634 3148 patrias
647 3063 777 3126 tentasti
790 3063 933 3128 lubricus
949 3077 1048 3138 artes;

282 3204 347 3264 Nec
356 3201 442 3264 fraus
452 3214 484 3264 te
494 3199 689 3264 incolumem
699 3200 801 3264 fallaci
812 3201 954 3288 perferet
967 3201 1069 3263 Auno.
1085 3227 1099 3257 n

325 3462 399 3525 Haec
414 3462 500 3526 fatur
514 3465 625 3551 virgo,
641 3478 674 3526 et
689 3462 873 3550 pernicibus
885 3461 977 3547 ignea
993 3460 1111 3546 plantis

278 3596 405 3659 Transit
416 3619 532 3682 equum
544 3621 654 3678 cursu,
668 3600 830 3686 frenisque
841 3599 971 3663 adversa
981 3599 1148 3685 prehensis

281 3733 509 3819 Congreditur‚
522 3757 696 3824 poenasque
706 3739 835 3802 inimico
846 3761 882 3802 cx
895 3738 1048 3824 sanguine
1059 3739 1173 3802 sumit:

281 3878 386 3957 Quam
400 3874 491 3940 facile
505 3875 657 3962 accipiter
671 3900 745 3942 saxo
762 3899 850 3941 sacer
865 3876 929 3941 ales
945 3878 985 3942 ab
1000 3876 1064 3940 alto

279 4013 493 4097 Consequitur
505 4013 618 4099 pennis
629 4003 796 4084 sublimari
807 4018 839 4080 in
850 4019 937 4082 nube
949 4016 1128 4092 columbam
1139 4063 1151 4096 2
1184 4095 1187 4102 Ι
