3004 4804
311 429 368 490 mo
504 512 507 518 Ι
559 415 782 481 taurinos
815 376 1022 474 nieua'x.
1188 404 1277 462 vta.

300 563 446 638 Maeonis,
461 576 494 623 et
512 558 640 621 thoraca
655 551 747 617 simul
764 573 836 614 eum
850 564 983 636 pectore
998 548 1131 632 rumpit.
1165 561 1168 566 “

300 699 382 764 Huic
393 698 493 760 frater
505 693 591 757 subit
602 688 753 766 Alcanor,
769 688 965 770 fratremque
977 697 1125 746 ruentem

300 840 466 906 Sustentat
480 832 591 896 dextra
604 854 612 892 ε
626 799 765 912 'trajecto
781 825 873 888 missa
888 823 1008 886 lacerto
1065 845 1070 852 ·
1120 807 1123 814 ’

299 973 453 1046 Protinus
463 970 551 1036 hasta
562 967 662 1055 fugit,
675 979 846 1048 servatque
857 974 1169 1052 cruenta'tenorem:

299 1118 504 1196 Dexteraque
514 1127 553 1171 ex
564 1106 700 1168 humero
710 1101 820 1178 neruis
831 1095 1025 1163 moribunda
1034 1093 1202 1181 pependit.

299 1254 380 1314 Tum
391 1249 551 1321 Numitor,
560 1241 667 1332 jaculo
679 1237 787 1302 fratris
798 1235 839 1300 de
850 1255 988 1321 corpore
1000 1247 1114 1318 rapto,

301 1391 421 1451 AEnean
435 1380 546 1470 petiit3
565 1377 702 1443 sednon
719 1391 752 1439 et
766 1373 868 1462 figere
882 1389 997 1438 eontra

300 1530 356 1590 Est
366 1522 508 1598 licitum,
521 1515 693 1604 magnique
705 1515 809 1594 [emur
821 1512 1011 1602 perstrinxit
1025 1487 1161 1574 thatae.

346 1974 405 2038 Hic
416 1971 570 2074 Curibus,
583 1967 685 2032 fidens
698 1967 852 2056 primaevo
864 1951 1019 2052 corpore,
1033 1963 1165 2026 Clausus
1188 1947 1195 1968 ”

303 2113 458 2190 Advenit,
475 2124 509 2174 et
522 2105 626 2199 rigida
640 2109 797 2190 Dryopen
812 2103 888 2166 ferit
900 2101 1027 2166 eminus
1040 2101 1137 2167 lusto·

304 2254 373 2319 Sub
384 2264 546 2325 mentum,
560 2233 702 2331 graviter
712 2251 836 2327 pressa,
850 2238 1036 2324 pariterque
1047 2237 1209 2323 loquentis

303 2394 423 2455 Vocem
433 2387 635 2470 animamque
646 2383 747 2468 rapit,
763 2381 897 2463 trajecto
910 2392 1041 2464 gutture
1054 2402 1062 2440 ε
1077 2389 1112 2440 at
1122 2377 1175 2441 itte
1258 2453 1261 2460 ,

305 2509 426 2592 Fronte
438 2523 514 2588 ferit
529 2538 664 2600 terram,
679 2535 712 2584 et
722 2540 862 2583 erassum
874 2516 977 2580 vomit
987 2512 1045 2580 or'e
1056 2509 1216 2585 eruorem

304 2669 382 2730 Tres
393 2683 524 2748 quoque
534 2659 693 2736 Tretcios‚
705 2661 816 2725 Boreae
826 2655 868 2720 de
878 2629 976 2740 geute
987 2677 1135 2741 suprema
1146 2703 1154 2734 ,

306 2806 348 2866 Et
361 2817 443 2877 tres,
457 2817 539 2884 quos
549 2795 620 2862 ldae
630 2808 768 2881 pateret
777 2792 1010 2879 patrialsmara
1024 2792 1141 2866 mittit,

304 2947 369 3008 Per
382 2937 488 3004 varios
502 2931 618 2999 sternit
632 2951 733 2996 casus.
749 2925 899 2993 Accurrit
911 2927 1065 3006 Halesus,

304 3077 527 3162 Auruncaeque
539 3093 670 3147 manus3
683 3068 769 3134 subit
781 3084 814 3133 et
825 3069 987 3154 Neptunia
997 3068 1123 3155 proles,

303 3214 440 3304 insignis
453 3216 614 3304 Messapus
628 3209 738 3298 equis:
755 3207 916 3296 erpellere
934 3207 1073 3272 tendunt

306 3358 398 3418 Nunc
414 3350 465 3427 hi,
483 3370 571 3414 nune
586 3346 653 3410 ilii:
671 3357 815 3410 uertatur
828 3345 940 3410 limine
957 3345 991 3410 in
1007 3346 1077 3432 ipso

306 3489 465 3559 Ausoniae.
481 3491 599 3573 Magno
613 3483 777 3562 discordes
791 3483 911 3550 aethere
927 3485 1017 3548 venti

307 3628 421 3695 Praelia
431 3647 490 3689 ceu
502 3623 637 3700 tollunt,
651 3602 766 3686 animis
776 3636 809 3685 et
819 3621 942 3686 viribus
953 3621 1051 3706 aequis
1063 3647 1071 3683 ε

307 3774 380 3834 Non
393 3765 452 3854 ipsi
464 3761 551 3826 inter
563 3783 613 3838 se,
628 3783 696 3825 nou
707 3760 836 3838 nubila,
850 3783 1018 3825 nonmare
1030 3761 1149 3828 cedunt
1161 3787 1168 3823 :

308 3921 434 3986 Anceps
448 3916 557 3980 pugna
571 3895 647 3980 diu3
663 3912 749 3966 stant
764 3897 883 3965 obnixa
899 3899 1007 3964 omnia
1021 3914 1147 3964 contra.

307 4042 399 4146 Haud
415 4035 509 4102 aliter
521 4037 667 4116 Troianae
681 4038 762 4100 aoies
777 4035 924 4121 aciesque
941 4037 1061 4101 Latinae
