2894 4812
328 435 387 496 att
582 401 806 490 austros
835 429 975 490 maan
1004 431 1064 490 xt.
1220 446 1307 478 em.

325 572 365 633 Et
380 569 501 655 primus
516 565 669 652 sceptris,
689 562 772 626 haud
790 561 860 626 laeta
874 563 1001 641 fronte,
1022 567 1162 630 latinus.

326 709 429 792 Atque
442 705 494 767 hic
509 703 631 789 legatos
647 701 750 766 AEtola
766 722 804 764 ex
825 701 904 766 urbe
920 702 1068 766 remissos

326 848 406 928 Quae
419 843 562 909 referant
576 840 636 905 fari
650 841 764 924 jubet,
781 853 814 903 et
828 861 983 926 responsa
998 840 1139 925 reposcit

325 981 449 1045 Ordine
466 977 587 1046 cuncta'
597 1002 667 1044 suo.
683 983 764 1044 Tum
777 977 860 1042 facta
875 975 1002 1042 silentia
1017 976 1154 1062 linguis,

322 1118 361 1180 Et
378 1116 535 1195 Venulus,
553 1116 641 1180 dicto
656 1138 791 1204 parens,
809 1114 852 1178 ita
867 1115 966 1178 sarier
982 1116 1075 1178 infit:

324 1284 338 1312 a
356 1253 518 1331 Vidimus,
537 1277 557 1317 o
573 1255 676 1331 cives,
693 1253 852 1317 Diomede
870 1253 1051 1340 Argivaque
1067 1269 1170 1318 castra
1182 1253 1213 1329 6;

320 1400 442 1479 Atque,
460 1394 524 1456 iter
538 1393 676 1472 emensi,
695 1415 783 1456 casus
799 1391 1018 1480 superavimus
1035 1415 1165 1468 omnes3

320 1529 587 1616 contigimusque
603 1550 733 1591 manum
749 1549 812 1614 qua
826 1528 968 1601 concidit
984 1527 1042 1592 llia
1058 1527 1163 1593 tellus.

318 1665 377 1730 llle
392 1668 507 1731 urbem
522 1666 731 1753 Argyripam,
749 1665 860 1751 patriae
875 1666 1068 1751 cognomine
1083 1666 1207 1751 gentis,

320 1805 433 1868 Victor
447 1806 590 1893 Gargani
603 1804 764 1870 condebat
778 1802 905 1889 lapygis
920 1804 1015 1866 arvis.

318 1948 492 2028 Postquam
509 1943 718 2029 introgressi,
737 1958 769 2006 et
784 1963 893 2005 coram
909 1939 982 2003 data
997 1941 1091 2027 copia
1107 1941 1213 2018 fandi,

319 2085 452 2146 Munera
466 2082 684 2169 praeferimus,
701 2102 822 2146 nomen
835 2079 1036 2166 patriamque
1051 2073 1220 2156 docemus;

318 2231 383 2314 Qui
396 2231 518 2295 bellum
531 2228 721 2306 intulerint,
738 2251 810 2314 quae
823 2251 916 2292 causa
931 2232 1099 2296 attraxerit
1112 2235 1226 2318 Arpos.

319 2367 443 2431 Auditis
456 2368 512 2430 ille
527 2367 594 2431 lraec
610 2365 737 2454 placido
754 2365 798 2429 sic
814 2365 956 2430 reddidit
971 2390 1047 2431 ore:

320 2533 334 2562 α
356 2507 385 2569 Ο
403 2506 574 2570 fortunatae
589 2520 719 2592 gentes,
739 2505 890 2568 Saturnia
905 2527 1021 2591 regna,

318 2643 451 2729 Antiqui
466 2643 615 2720 Ausonii,
634 2663 706 2727 quae
722 2663 780 2705 vos
795 2641 927 2705 fortuna
942 2645 1069 2728 quietos

318 2779 494 2856 Sollicitat,
510 2778 685 2862 suadetque
700 2777 812 2864 ignota
827 2778 980 2844 lacessere
995 2782 1103 2876 bella?
1118 2767 1119 2770 Ἴ
1155 2807 1163 2824 ·

317 2917 510 3001 Quicunque
525 2906 638 2977 Iliacos
653 2913 741 2977 ferro
755 2915 944 2981 violavimus
960 2941 1071 3005 agros,

317 3054 432 3141 (Mitto
448 3074 484 3116 ea
500 3074 570 3138 qnae
585 3051 684 3114 muris
700 3051 853 3116 bellando
869 3053 1021 3118 exhausta
1037 3058 1097 3121 sub
1111 3059 1200 3139 altis,

318 3179 409 3274 Quos
424 3189 541 3254 Simois
555 3204 681 3274 premat
697 3189 751 3252 ille
768 3189 894 3278 viros),
911 3193 1042 3258 infanda
1057 3217 1116 3282 per
1131 3199 1242 3262 orbem

319 3327 499 3414 Supplicia,
518 3341 551 3390 et
567 3325 724 3390 scelerum
739 3347 851 3412 poenas
865 3329 1074 3415 expendimus
1088 3355 1228 3411 omnes,¹

318 3461 376 3525 Vel
392 3463 521 3527 Priamo
536 3462 716 3528 miseranda
732 3485 857 3528 manus.
876 3467 945 3530 Scit
959 3468 1049 3532 triste
1066 3468 1215 3536 Minervoe

318 3594 429 3674 Sidus,
447 3611 479 3660 et
494 3599 641 3664 Euboicae
655 3615 781 3678 cautes,
800 3601 953 3689 ultorque
971 3605 1168 3691 Capharens.

317 3732 428 3797 Militia
443 3755 482 3796 ex
494 3732 548 3796 illa
563 3735 726 3802 diversum
742 3737 783 3802 ad
797 3739 888 3804 littus
904 3742 1024 3821 adacti,
1126 3747 1130 3754 '

317 3871 445 3935 Atrides
459 3873 570 3935 Protei
586 3875 747 3940 Menelaus
762 3877 801 3940 ad
819 3901 918 3964 usque
935 3880 1098 3946 columnas

316 4010 464 4086 Exsulat;
480 3986 618 4076 AEtnaeos
632 4014 714 4078 vidit
730 4015 888 4102 Cyclopas
902 4019 1039 4104 Ulysses.
