2908 4810
309 383 370 448 324
545 369 778 435 AENElDOS
810 362 956 430 LIBER
987 369 1050 429 XI.
1202 367 1298 426 msa,

308 518 469 593 Concitat,
483 529 515 577 et
530 532 665 597 superos
676 512 801 572 Arruns
813 507 857 570 sic
871 529 951 572 voce
963 521 1137 593 precatur:

309 686 323 716 a
340 657 470 720 Summe
484 651 597 720 deum,
614 645 716 710 sancti
730 660 836 734 custos
851 643 993 708 Soractis
1007 643 1146 730 Apollo,

309 795 413 876 Quem
424 786 522 874 primi
533 784 686 860 colimus,
706 782 757 845 cui
771 780 997 883 pineuslardor
1010 801 1126 847 acervo

308 928 465 1002 Pascitur,
485 938 518 986 et
531 921 673 986 medium
688 919 764 984 freti
779 920 899 1006 pietate
912 941 973 1005 per
988 919 1098 1005 ignem

310 1063 460 1128 Cultores
472 1058 572 1124 multa
583 1058 760 1144 premimus
774 1058 907 1144 vestigia
921 1080 1044 1144 pruna;

308 1205 375 1277 Da,
394 1214 497 1286 pater,
512 1197 574 1261 boc
590 1195 711 1259 nostris
725 1195 849 1259 aboleri
862 1195 1001 1262 dedecus
1015 1199 1131 1278 armis,

272 1364 282 1394 ι
311 1338 538 1424 Omnipotens.
556 1339 628 1399 Non
640 1333 788 1412 exuvias,
805 1333 944 1421 pulsaeve
955 1320 1114 1423 tropaeum

309 1473 467 1560 Virginis,
484 1487 538 1535 aut
550 1448 653 1558 spolia
665 1469 730 1534 ulla
741 1485 837 1558 peto;
851 1449 930 1536 mibi
945 1440 1052 1538 cetera
1067 1475 1194 1542 laudem

310 1617 405 1677 Facta
414 1612 540 1675 ferent:
556 1610 625 1674 haec
636 1610 707 1675 dira
721 1633 796 1676 meo
808 1587 886 1674 dum
901 1610 1037 1676 vulnere
1051 1613 1151 1698 pestis

311 1749 406 1813 Pulsa
421 1749 530 1827 cadat,
545 1750 666 1836 patrias
681 1749 834 1813 remeabo
850 1747 1008 1835 inglorius
1019 1750 1128 1814 urbes.
1151 1779 1165 1808 s

310 1885 437 1964 Audiit,
452 1901 485 1950 et
496 1887 565 1952 voti
580 1885 722 1950 Phoebus
738 1883 910 1949 succedere
924 1899 1051 1970 partem

312 2029 419 2106 Mente
430 2024 539 2103 dedit,
556 2040 682 2112 partem
693 2024 843 2090 volucres
853 2023 1003 2110 dispersit
1016 2024 1051 2088 iu
1066 2011 1169 2088 auras.

311 2166 480 2230 Sterneret
495 2178 532 2227 ut
547 2165 652 2230 subita
662 2163 826 2227 turbatam
838 2127 944 2226 morte
957 2162 1140 2240 Camillam,

312 2301 435 2365 Annuit
448 2303 572 2388 oranti:
590 2302 762 2379 reducem,
777 2315 814 2365 ut
825 2301 931 2388 patria
946 2301 1010 2364 alta
1020 2276 1145 2404 rideret
1153 2349 1161 2382 ,

312 2441 385 2502 Non
399 2439 506 2504 dedit:
524 2440 623 2526 inque
640 2441 739 2536 Notos
753 2461 868 2505 vocem
884 2454 1011 2504 vertere
1021 2420 1188 2526 procelle.

856 2601 867 2622 .

904 2773 910 2786 .

358 3199 461 3282 Ergo,
479 3209 515 3258 ut
529 3194 622 3258 missa
634 3215 731 3258 manu
742 3195 884 3290 sonitum
895 3196 985 3261 dedit
995 3196 1086 3260 hasta
1099 3217 1160 3284 per
1172 3217 1283 3272 auras,

316 3333 517 3398 Convertere
533 3331 656 3396 animos
671 3353 777 3409 acres,
791 3331 967 3418 oculosque
982 3331 1088 3395 tulere

315 3471 434 3535 Cuncti
448 3471 488 3536 ad
499 3471 644 3559 reginam
661 3470 778 3534 Volsci.
797 3469 883 3534 Nihil
896 3470 964 3557 ipsa
975 3491 1081 3555 neque
1096 3491 1183 3534 aurae

315 3611 380 3672 Nec
397 3610 520 3673 sonitus
535 3633 675 3690 memor,
689 3626 744 3674 aut
760 3610 919 3675 venientis
934 3609 974 3673 ab
989 3608 1109 3672 aethere
1121 3608 1197 3683 teli;

315 3750 411 3812 Hasta
422 3748 482 3811 sub
493 3764 649 3814 exsertam
664 3713 771 3814 donec
785 3748 910 3838 perlata
921 3747 1075 3836 papillam
1134 3717 1138 3724 .
1179 3745 1187 3768 ‘¹

317 3885 430 3963 Haesit,
447 3885 693 3974 virgineumque
708 3887 771 3952 alte
786 3888 870 3952 bibit
883 3903 954 3954 acta
968 3907 1131 3953 cruorem.

263 4047 268 4054 ·
317 4025 527 4088 Concurrunt
541 4024 675 4109 trepidae
690 4027 838 4104 comites,
853 4027 1081 4112 dominamque
1097 4037 1253 4090 ruentem
