2908 4810
320 401 382 464 aua
562 401 787 464 anaruos
814 401 959 461 umen
988 361 1083 460 xt'
1211 400 1298 460 aar·

317 539 393 602 Sive
407 540 526 604 instare
537 541 624 625 jugis
639 556 671 602 et
686 537 819 625 grandia
834 539 963 603 volvere
979 561 1061 602 saxa.

318 686 388 745 Huc
399 682 528 766 juvenis
542 696 620 745 nota
636 681 740 743 fertur
756 681 888 766 regione
901 681 1045 758 viarum,

318 821 528 907 Arripuitque
543 821 667 899 locum,
688 835 720 888 et
735 820 821 888 silvis
835 820 953 889 insedit
966 821 1095 906 iniquis.

364 1411 515 1474 Velocem
531 1408 655 1472 interea
671 1409 796 1496 superis
810 1409 845 1471 in
860 1408 989 1472 sedibus
1005 1410 1123 1493 Opim,

321 1552 423 1612 Unam
437 1569 475 1610 ex
490 1545 668 1632 virginibus
682 1544 775 1610 sociis
788 1567 941 1631 sacraque
956 1560 1101 1622 caterva,
1156 1525 1162 1532 ⁵

321 1684 560 1772 Compellabat‚
578 1699 611 1747 et
626 1684 681 1747 has
696 1684 795 1746 tristis
810 1684 941 1747 Latonia
959 1705 1054 1748 voces

322 1826 390 1887 Ore
402 1823 516 1886 dabat:
533 1851 546 1879 a
562 1825 718 1889 Graditur
728 1823 850 1886 bellum
861 1822 901 1884 ad
917 1820 1047 1885 crudele
1062 1819 1214 1897 Camilla,

323 1967 352 2028 Ο
366 1963 474 2048 virgo,
489 1979 522 2025 et
533 1964 652 2034 metris
664 1963 881 2050 nequidquam
893 1964 1033 2049 cingitur
1044 1963 1158 2038 armis,

271 2089 274 2092 ¹
323 2101 404 2162 Cara
416 2099 495 2162 mihi
507 2116 581 2164 ante
592 2100 668 2163 alias
683 2126 690 2162 :
705 2123 811 2187 neque
824 2101 910 2164 enim
921 2121 1024 2164 novus
1036 2099 1103 2162 istae
1116 2096 1224 2160 Dianae

323 2237 419 2302 Venit
430 2259 531 2314 amor,
545 2236 712 2321 subitaque
724 2238 865 2299 animum
878 2233 1047 2300 dulcedine
1058 2235 1170 2298 movit.

323 2375 437 2438 Pulsus
452 2375 495 2438 ob
510 2375 664 2438 invidiam
679 2339 780 2460 regno
797 2375 944 2460 viresque
954 2375 1135 2459 superbaS,

324 2513 482 2576 Priverno
498 2513 629 2599 antiqua
644 2514 787 2602 Metabus
803 2535 903 2599 quum
918 2487 1089 2575 ericederet
1105 2511 1185 2573 urbe
1194 2557 1203 2592 ,
1246 2495 1248 2502 ¹

324 2650 500 2728 Infantem,
518 2651 643 2736 fugiens
660 2650 763 2714 media
778 2652 864 2714 inter
880 2651 988 2738 praelia
1003 2649 1098 2728 belli,

327 2788 462 2852 Sustulit
476 2788 570 2853 exilio
586 2789 758 2867 comitem,
777 2789 950 2874 matrisque
968 2787 1094 2854 vocavit

326 2927 463 2990 Nomine
479 2927 652 3007 Casmillae,
666 2941 788 2990 mutata
802 2943 912 3013 parte,
928 2925 1106 2988 Camillam.

326 3068 416 3154 Ipse,
435 3067 506 3129 sinu
521 3089 587 3151 prae
603 3090 637 3130 se
652 3083 802 3153 portans,
818 3069 894 3154 juga
909 3052 1007 3152 longa
1021 3065 1153 3152 petebat

329 3203 480 3268 solorum
489 3227 678 3284 nemorum:
694 3205 757 3272 tela
770 3205 913 3290 undique
924 3227 1004 3268 saeva
1016 3203 1224 3290 premebant,

328 3344 368 3403 Et
381 3343 572 3414 circumfuso
590 3343 768 3407 volitabant
782 3341 883 3405 milite
900 3340 1019 3404 Volsci.

329 3480 409 3541 Ecce
420 3479 502 3566 fugae
514 3481 620 3545 medio
631 3481 761 3544 summis
772 3483 945 3542 Amasenus
956 3477 1122 3542 abundans

329 3616 504 3702 spumabat
518 3618 614 3703 ripis,
631 3634 739 3682 tantus
753 3641 786 3682 se
802 3618 943 3682 nubibus
958 3615 1062 3678 imber

327 3727 489 3840 Ruperat:
507 3754 580 3833 ille,
598 3733 710 3821 innare
726 3779 861 3843 parans,
878 3753 1008 3817 infantis
1023 3772 1131 3813 amore

325 3896 494 3975 Tardatur,
509 3918 648 3982 caroque
659 3899 751 3963 oneri
766 3899 867 3960 timet.
884 3895 1001 3961 Omnia
1013 3913 1121 3956 seeum

325 4036 474 4099 Versanti
489 4034 596 4099 subito
614 4038 663 4100 vix
680 4037 747 4100 haee
763 4035 921 4100 sententia
934 4032 1036 4126 sedit:
