2894 4812
322 444 383 506 276
544 444 776 507 AENEIDOS
810 445 953 504 LIBER
989 444 1049 503 Xl.
1210 439 1297 497 vAb·

322 585 433 667 Regna
447 581 650 668 Neoptolemi
665 581 821 658 reseram,
839 599 1012 665 versosque
1026 583 1164 642 Penates

322 723 507 788 Idomenei?
521 725 684 809 Libycone
700 724 879 786 habitantes
893 702 1004 786 littore
1020 723 1162 800 Locros?

322 865 393 949 lpse
407 866 585 948 Mycenaeus
600 884 789 950 magnorum
804 862 921 925 ductor
937 861 1091 924 Achivum

324 999 479 1084 Conjugis
492 998 629 1062 infandae
645 1000 747 1085 prima
761 999 847 1062 intra
860 999 972 1062 limina
986 999 1096 1062 dextra

324 1137 489 1224 Oppetiit3
506 1137 665 1201 devictam
680 1137 783 1201 Asiam
798 1136 941 1200 subsedit
956 1136 1098 1201 adulter:
1178 1147 1182 1154 “

323 1273 477 1337 luvidisse
492 1274 569 1337 deos
579 1275 695 1360 'patriis
710 1289 746 1336 ut
762 1273 909 1337 redditus
923 1273 986 1336 aris

323 1411 516 1496 Conjugium
530 1425 676 1498 optatum
691 1426 724 1473 et
739 1411 907 1496 pulchram
923 1409 1088 1498 Calydona
1103 1411 1262 1474 viderem!

324 1551 416 1612 Nunc
432 1551 527 1613 etiam
542 1550 691 1614 horribili
705 1551 774 1615 visu
789 1566 941 1637 portenta
957 1567 1146 1636 sequuntur,

325 1687 365 1748 Et
378 1686 456 1750 socii
470 1687 573 1750 amimi
587 1687 752 1774 petierunt
767 1688 885 1752 cethem
899 1688 1031 1774 pennis,

326 1824 587 1911 Fluminibusque
602 1819 760 1912 vagantur
775 1849 846 1892 aves
863 1827 947 1915 (heu
963 1828 1033 1891 dira
1048 1849 1194 1892 meorum

325 1963 530 2049 Supplicial)
546 1980 579 2027 et
592 1965 741 2051 scopulos
756 1965 940 2051 lacrymosis
955 1968 1088 2032 vocibus
1103 1967 1250 2054 implent.

325 2104 400 2164 Haec
414 2101 494 2164 adeo
510 2093 618 2164 exillo
634 2102 712 2164 mihi
722 2105 788 2186 jam
804 2103 961 2188 speranda
976 2105 1107 2168 fuerunt

323 2242 499 2324 Tempore,
517 2260 617 2324 quum
632 2239 719 2302 ferro
735 2239 874 2302 coelestia
888 2263 1025 2328 corpora
1040 2243 1172 2308 demens

325 2376 455 2462 Appetii
464 2423 473 2452 ‚
492 2391 525 2438 et
540 2375 675 2439 Veneris
693 2375 809 2441 violavi
824 2377 959 2442 vulnere
974 2378 1132 2443 dextram.

326 2519 372 2578 Ne
388 2538 484 2593 vero,
500 2507 542 2579 ne
557 2537 608 2578 me
624 2515 664 2578 ad
680 2515 757 2579 tales
772 2515 927 2601 impellite
943 2539 1077 2602 pugnas.

324 2657 389 2716 Nec
401 2651 478 2716 mihi
489 2674 562 2717 cum
572 2654 702 2716 Teucris
713 2635 814 2716 ullum
826 2668 899 2738 post
911 2669 1002 2716 eruta
1013 2654 1133 2718 bellum

324 2793 496 2877 Pergama,
510 2805 728 2858 necveterum
739 2791 871 2854 memini
882 2791 1014 2857 laetorve
1026 2795 1195 2860 malorum.

326 2928 477 3003 Munera,
495 2948 565 3012 quar
581 2927 691 3013 patriis
704 2927 744 2990 ed
759 2949 811 2990 me
826 2929 962 3012 portatis
976 2929 1016 2991 ab
1032 2929 1115 3008 oris,

326 3065 451 3128 Vertite
462 3065 501 3129 ad
513 3068 643 3128 AEnean.
659 3067 813 3129 Stetimus
825 3067 888 3130 tela
898 3090 1010 3154 aspera
1022 3085 1150 3146 contra,

326 3202 592 3288 Contulimusque
604 3224 733 3266 manus:
749 3220 883 3290 experto
895 3205 1032 3285 credite,
1047 3190 1184 3293 quantus

326 3343 364 3403 ln
376 3342 524 3426 clypeum
537 3354 695 3426 assurgat,
710 3362 774 3425 quo
788 3341 917 3405 turbine
930 3358 1080 3430 torqueat
1091 3347 1224 3410 hastam.

320 3478 363 3541 Si
378 3477 443 3541 duo
459 3494 615 3563 praeterea
632 3476 710 3541 tales
725 3476 806 3540 ldaea
821 3477 946 3542 tulisset

327 3617 426 3677 Terra
437 3613 538 3688 viros,
554 3612 640 3677 ultro
653 3612 795 3678 luochias
806 3614 945 3678 venisset
956 3616 996 3680 ad
1007 3618 1104 3681 urbes

329 3747 516 3824 Dardanon,
536 3763 568 3809 et
583 3752 681 3814 versis
696 3751 822 3837 lugeret
837 3754 960 3818 Graecia
976 3754 1059 3817 latis.

328 3886 494 3973 Quidquid
505 3886 589 3972 apud
601 3887 688 3951 durae
700 3905 853 3953 cessatum
866 3908 913 3955 est
924 3893 1040 3956 moenia
1051 3897 1172 3978 Troiae,

328 4028 474 4090 Hectoris
489 4029 657 4112 AEneaeque
674 4051 769 4092 manu
784 4027 919 4092 victoria
934 4031 1067 4092 Graium
1166 4081 1170 4092 .
