2952 4812
307 384 369 444 404
533 378 762 442 AENEIDOS
793 379 938 440 LIBER
966 379 1048 438 XII.
1191 373 1289 434 *³5³7-

307 523 385 583 Nam
403 517 481 604 quid
495 517 581 604 ago?
596 530 652 582 aut
668 537 739 600 quoe
751 517 818 599 jam
834 514 972 600 spondet
987 515 1119 579 fortuna
1133 513 1296 578 salutem?

306 658 380 723 Vidi
391 656 502 721 oculos
513 671 589 719 ante
600 655 668 741 ipse
682 676 771 718 meos
786 675 837 717 me
851 675 930 718 voce
944 668 1115 718 vocantem

308 803 514 873 Murranum,
532 817 597 880 quo
616 813 684 859 non
700 809 829 881 superat
844 794 921 858 mihi
937 795 1042 859 carior
1058 795 1152 873 alter,

305 933 470 1017 Oppetere
480 929 662 1015 ingentem,
677 942 773 1014 atque
783 927 909 1013 ingenti
922 927 1056 1026 vnlnere
1068 928 1200 994 victum.

309 1066 437 1133 Occidit
450 1065 577 1141 infelix,
591 1087 634 1129 ne
648 1079 795 1128 nostrum
807 1062 945 1128 dedecus
959 1064 1057 1128 Ufens
1116 1131 1119 1138 ,

309 1205 518 1290 Adspiceret:
536 1202 650 1267 Teucri
664 1202 835 1288 potiuntur
849 1223 986 1288 corpore
998 1216 1031 1264 et
1044 1201 1152 1265 armis.

308 1339 498 1404 Exscindine
510 1339 623 1404 domos
636 1339 648 1425 (
661 1339 695 1402 id
707 1341 804 1404 rebus
816 1339 919 1402 defuit
931 1360 1031 1401 unum
1045 1339 1056 1424 )

309 1475 497 1564 Perpetiar?
511 1475 623 1540 dextra
639 1499 701 1540 nec
717 1477 854 1541 Drancis
868 1476 952 1542 dicta
967 1477 1134 1542 refellam?

309 1619 410 1700 Terga
421 1613 505 1678 dabo
515 1613 528 1676 i
540 1629 573 1677 et
582 1619 726 1678 Turnum
737 1614 914 1700 fugientem
925 1615 994 1678 lraec
1003 1615 1242 1699 terralvidebit?

309 1755 416 1836 Usque
431 1751 555 1816 adeone
566 1753 651 1817 mori
665 1753 817 1817 miserum
829 1737 899 1816 est?
915 1753 980 1836 Vos
996 1775 1016 1816 o
1031 1753 1129 1830 mihi,
1146 1757 1272 1830 Manes,

302 1889 383 1952 Este
398 1889 494 1967 boni,
511 1890 664 1975 quoniam
680 1890 812 1976 Superis
826 1911 936 1959 aversa
952 1889 1112 1955 voluntas.

313 2031 429 2092 Sancta
444 2029 484 2091 ad
499 2051 556 2093 vos
571 2030 694 2107 anima,
712 2044 808 2114 atque
820 2029 909 2096 istius
924 2029 1024 2092 inscia
1038 2029 1155 2116 culpae,

311 2167 511 2230 Descendam
518 2213 527 2246 ‚
540 2187 731 2253 magnorum
740 2166 828 2230 lsaud
840 2191 981 2253 unquam
993 2169 1142 2254 indignus
1154 2192 1299 2234 avorum.
1314 2199 1327 2227 s

352 2762 411 2824 Vix
422 2784 459 2824 ea
473 2763 556 2827 fatus
569 2779 656 2839 erat3
675 2767 798 2853 medios
807 2769 897 2841 vvolat
907 2776 982 2835 ecce
994 2796 1053 2860 per
1064 2774 1173 2838 hostes

312 2900 432 2962 Vectus
445 2921 529 2984 equo
540 2918 710 2985 spumante
726 2907 839 2986 Saces,
853 2909 986 2974 adversa
997 2914 1112 3000 sagitta

314 3038 445 3101 Saucius
457 3060 531 3115 ora3
548 3040 696 3127 ruitque,
713 3045 888 3132 implorans
902 3033 1034 3115 nornine
1048 3057 1194 3120 Turnum
1209 3081 1217 3118 ε

316 3203 330 3232 (ι
346 3179 469 3253 Turne,
483 3175 518 3239 in
534 3191 566 3239 te
579 3200 727 3263 suprema
742 3181 844 3258 salus3
864 3185 1015 3251 miserere
1027 3203 1170 3254 tuorum.
1278 3261 1281 3264 ,

313 3315 473 3380 Fulminat
483 3322 601 3400 AEneas
614 3320 729 3396 arruis3
747 3345 950 3411 summasque
967 3305 1110 3393 minatur

314 3456 523 3537 Dejecturum
538 3479 629 3525 arces
645 3460 774 3544 Italum,
792 3461 983 3566 ¹expidioque
999 3465 1169 3546 daturum3

313 3595 449 3678 ‚Iamque
464 3593 547 3658 faces
564 3597 604 3660 ad
620 3611 705 3662 tecta
716 3599 853 3663 rolant:
871 3603 905 3666 in
922 3619 954 3666 te
969 3625 1026 3668 ora
1042 3605 1163 3684 Latini,

251 3725 254 3741 '
314 3734 352 3792 In
368 3745 400 3793 te
416 3731 527 3795 oculos
541 3733 709 3806 referunt:
727 3755 845 3802 mussat
859 3763 915 3805 rex
931 3743 997 3829 ipse
1013 3744 1142 3807 Latinus

316 3874 406 3953 Quos
417 3893 554 3958 generos
568 3893 680 3955 vocet,
695 3892 749 3942 aut
760 3902 831 3965 quae
842 3902 910 3945 sese
922 3882 961 3945 ad
973 3883 1093 3948 foedera
1107 3884 1232 3949 flectat.

315 4009 474 4074 Praeterea
489 4014 618 4100 regina,
637 4017 683 4079 tui
699 4017 847 4084 fidissima
860 4020 998 4096 ,dextra
