2894 4812
277 412 340 473 214
531 410 762 472 AENEIDOS
791 410 938 472 LIBER
969 412 1008 472 X.
1174 407 1270 472 '³9³

274 551 347 636 Ipse
360 548 442 612 rotis
454 549 570 612 saliens
577 550 656 634 juga
666 548 800 614 deseris,
815 577 830 608 ι
844 553 920 614 Haec
930 550 975 614 ita
985 550 1086 628 latus,

275 685 424 773 Arripuit
439 685 578 772 bijugos.
598 689 711 750 Frater
728 661 883 752 tendebat
898 687 1039 753 inermes

275 824 391 890 Infelix
406 827 547 914 palmas,
565 847 664 892 curru
679 825 829 914 delapsus
844 826 979 891 eodem:

278 993 292 1022 a
306 970 371 1029 Per
387 981 438 1045 te,
455 989 515 1052 per
531 967 636 1054 quite
652 967 749 1030 talem
766 987 908 1054 genuere
920 982 1089 1053 parentes,

276 1105 336 1168 Vir
346 1106 502 1189 Trojanc,
516 1077 681 1170 sinehanc
692 1105 848 1184 animam,
862 1120 896 1169 et
906 1105 1059 1171 miserere
1069 1105 1247 1194 precantis.
1260 1135 1275 1164 a

277 1240 431 1306 Pluribus
444 1242 552 1306 oranti
565 1246 700 1306 AEneas:
719 1271 733 1300 ι
747 1243 840 1307 Haud
856 1243 931 1306 talia
947 1242 1068 1307 dudum
1083 1332 1086 1338 .

278 1381 374 1445 Dicta
384 1381 482 1445 dabas
494 1405 502 1443 ε
516 1403 664 1459 morere,
680 1396 713 1444 et
725 1381 861 1444 fratrem
871 1404 914 1446 nc
926 1380 1039 1447 desere
1051 1383 1163 1447 frater.
1179 1412 1194 1442 s

278 1522 360 1583 Tum
371 1519 512 1585 latebras
523 1520 654 1598 animm,
668 1535 799 1608 pectus,
811 1489 970 1585 mucrone
982 1520 1132 1585 recludit.

278 1658 366 1724 Talia
380 1682 440 1747 per
457 1683 587 1749 campos
602 1660 721 1725 edebat
735 1661 848 1725 funera
863 1662 982 1727 ductor

236 1803 238 1809 ‘
279 1796 477 1875 Dardanius,
494 1799 652 1863 torrentis
666 1821 758 1884 aquae
775 1798 824 1863 vel
839 1798 981 1863 turbinis
996 1799 1059 1863 atri

281 1935 372 1998 More
383 1935 505 1999 furens.
519 1937 662 2002 Tandem
674 1951 852 2024 erumpunt
863 1951 896 1999 et
908 1950 1012 1999 castra
1023 1934 1216 2021 relinquunt.

282 2071 435 2136 Ascanius
446 2096 529 2160 puer
541 2090 574 2138 et
585 2075 806 2162 nequidquam
818 2076 947 2141 obsessa
953 2077 1121 2160 juventus.

329 2827 493 2888 Junoncm
504 2823 629 2887 interea
641 2820 814 2908 compellat
823 2821 954 2910 Jupiter
966 2822 1073 2888 rutro:

286 2993 300 3024 ι
315 2967 345 3030 0
358 2985 510 3052 germana
520 2962 600 3026 mihi
611 2977 708 3048 atque
720 2960 832 3025 eadem
845 2953 1021 3048 gratissima
1033 2965 1108 3048 conj
1112 2986 1152 3026 ux
1164 3011 1173 3042 ,

283 3108 327 3170 Ut
343 3104 479 3182 rebare,
497 3103 626 3179 Venus,
643 3114 753 3167 necte
769 3100 930 3164 sententia
945 3099 1045 3179 fallit,

283 3245 437 3328 Trojanas
451 3255 611 3306 sustentat
625 3262 704 3328 opes
718 3263 727 3302 ε
742 3229 812 3304 non
828 3239 936 3305 vivida
950 3239 1039 3305 bello
1051 3242 1079 3280 ¹²

283 3386 407 3445 Dextra
418 3380 515 3460 viris,
526 3379 715 3476 animusque
727 3378 838 3456 ferox,
852 3380 1043 3465 patiensque
1054 3377 1182 3466 pericli.
1196 3409 1211 3437 »

285 3519 347 3582 Cui
355 3522 376 3583 J
378 3541 444 3584 uno
458 3518 633 3583 submissa:
650 3545 665 3576 r
678 3515 787 3600 Quid,
799 3540 820 3581 c
830 3516 1051 3614 pulcherrime
1063 3517 1204 3600 conjux,

286 3657 448 3723 Sollicitas
459 3677 577 3742 aegram
593 3672 626 3720 et
642 3672 696 3721 tua
711 3658 815 3722 tristia
830 3655 916 3720 dicta
932 3655 1124 3731 timentem?

286 3797 321 3861 Si
333 3796 429 3869 mihi,
443 3816 514 3881 quae
526 3793 691 3880 quondam
702 3794 825 3874 lucrat,
840 3815 1001 3881 quamque
1014 3793 1081 3857 esse
1093 3791 1250 3878 decebat,

287 3937 342 4001 Vis
353 3935 387 4000 in
400 3956 510 3999 amore
522 3933 625 4010 foret;
637 3957 706 3999 non
718 3935 781 3998 hoc
793 3931 872 3998 mihi
884 3956 1023 4021 namque
1035 3951 1191 4018 negares,

288 4075 528 4163 Omnipotens,
543 4075 623 4161 quin
635 4090 667 4139 et
682 4097 798 4160 pugnae
811 4075 991 4140 subducere
1003 4077 1168 4150 Turnum,
