2894 4812
304 396 366 456 240
548 392 780 454 AENEIDOS
811 386 958 454 LIBER
991 395 1031 453 X.
1190 407 1213 438 v·
1229 392 1286 438 8⁶²·

301 532 395 597 Ultor
406 532 469 595 eris
480 553 622 606 mecunu
634 545 706 607 aut,
719 530 823 616 aperit
833 531 860 593 si
869 531 959 594 nulla
969 531 1053 594 viam
1064 531 1131 608 vis,

301 663 482 734 Oceumbeo
492 669 615 754 pariter
627 692 635 729 ε
649 689 755 753 neque
767 667 871 746 enirn,
883 668 1072 746 fortissime,
1087 669 1204 745 credo,

299 812 389 871 Jussa
401 807 503 870 aliena
513 808 582 893 pati
595 823 628 870 et
643 807 791 871 dominos
806 807 982 893 dignabere
993 811 1143 871 Teucros.
1159 838 1172 865 t

344 1191 451 1266 Dixit3
470 1206 502 1253 et
518 1207 669 1278 exceptus
684 1205 777 1278 tergo
795 1206 948 1255 consueta
965 1191 1083 1255 locavit
1176 1241 1180 1250 .

302 1328 461 1404 Mernbra3
475 1349 655 1414 manusque.
663 1328 772 1390 ambas
778 1327 892 1410 jaculis
903 1329 1050 1391 oneravit
1060 1326 1180 1404 acutis,

302 1471 373 1530 AEre
388 1482 482 1553 caput
498 1466 640 1551 fulgenS,
655 1465 814 1551 cristaque
829 1465 970 1528 hirsutus
988 1465 1115 1550 equina.

302 1606 354 1670 Sic
366 1628 493 1704 cursum
505 1605 538 1668 in
550 1603 672 1667 medios
686 1603 815 1689 rapidus
829 1602 929 1665 dedit.
943 1607 1065 1665 AEstuat
1076 1602 1189 1688 ingens

301 1748 369 1807 Imo
385 1744 419 1807 in
434 1743 532 1807 corde
546 1744 664 1831 pudor,
681 1743 846 1828 mixtoque
860 1742 981 1804 insania
995 1740 1103 1817 luctu,
1278 1715 1279 1718 Ἴ

302 1881 364 1966 (Et
378 1882 467 1945 furiis
482 1883 619 1968 agitatus
634 1905 736 1952 arnor,
752 1898 784 1945 et
799 1883 925 1946 conscia
942 1881 1079 1965 virtus.)

200 2101 202 2105 ,
301 2021 405 2102 Atque
418 2018 471 2080 hio
487 2022 607 2081 AEnean
623 2041 736 2102 magna
753 2035 804 2082 ter
820 2041 900 2083 voce
913 2019 1050 2083 vocavit.

580 2498 584 2527 i

350 2614 607 2702 AEneas'agnovit
618 2617 719 2696 enirn,
736 2616 890 2702 laetusque
906 2630 1073 2704 precatur:
1157 2627 1159 2630 ’

307 2782 322 2810 τι
335 2756 388 2818 Sic
402 2771 494 2842 pater
509 2755 563 2818 ille
579 2755 675 2818 deum
690 2756 799 2833 faciat,
817 2757 861 2819 sic
878 2757 960 2820 altus
975 2757 1111 2845 Apollo,

306 2893 441 2980 Incipias
457 2893 606 2956 conferre
621 2915 751 2956 manum
764 2895 770 2952 Ξ
789 2922 803 2952 n

304 3032 439 3093 Tantum
455 3029 586 3106 effatus,
606 3046 638 3092 et
652 3029 766 3095 infesta
784 3034 869 3095 subit
885 3035 1000 3098 obvius
1016 3035 1116 3098 hasta.

304 3167 362 3230 lile
378 3183 500 3231 autem:
518 3195 532 3224 α
546 3168 634 3249 Quid
647 3191 699 3232 me
714 3186 844 3257 erepto,
862 3171 1048 3250 saevissime,
1067 3187 1143 3236 nato

305 3306 440 3368 Terres?
455 3303 522 3368 haec
538 3306 588 3370 via
602 3307 669 3370 sola
685 3307 746 3370 fuit
761 3331 823 3392 qua
839 3309 976 3394 perdere
991 3332 1119 3397 posses:

308 3443 373 3504 Nec
384 3438 522 3506 mortem
533 3444 719 3524 horremus,
734 3468 794 3510 neo
805 3447 914 3511 divum
926 3450 1085 3536 parcimus
1097 3449 1166 3512 ulli.

308 3580 426 3664 Desine
440 3604 448 3642 ε
460 3583 527 3662 jam
544 3584 638 3647 venio
654 3587 846 3663 moriturus,
862 3601 895 3651 et
908 3589 976 3652 haee
991 3589 1050 3651 tibi
1063 3603 1162 3672 porto

308 3721 401 3781 Dona
412 3718 514 3804 prius.
529 3745 542 3774 n
557 3721 663 3799 Dixit,
678 3724 842 3811 telumque
856 3725 986 3788 intorsit
996 3725 1030 3787 in
1042 3725 1187 3788 hostem:

306 3851 384 3916 Inde
396 3854 481 3918 aliud
493 3878 589 3941 super
601 3870 697 3943 atque
710 3859 796 3923 aliud
808 3861 956 3947 figitque,
972 3861 1124 3947 volatque

306 3991 433 4075 Ingenti
449 4016 549 4079 gyr03
568 3997 623 4057 sed
638 3999 773 4062 sustinet
789 4020 902 4062 aureus
918 4000 1027 4062 umbo.
