2908 4810
311 411 373 482 tce
552 397 786 475 musteus
817 401 961 475 metm
992 405 1047 475 x1'.
1204 413 1291 462 net·

309 552 421 616 Telum
432 551 587 626 immane,
601 571 698 613 manu
709 549 814 613 valida
828 550 915 636 quod
925 550 1011 614 forte
1027 537 1162 637 gerebet

309 690 462 767 Bellator,
480 689 618 753 solidum
633 688 728 752 nodis
744 704 777 752 et
792 689 911 753 robore
927 705 1042 768 cocto,

310 829 393 892 Huic
407 843 533 905 natam,
550 827 635 890 libro'
648 839 680 890 et
693 823 847 891 silvestris
859 828 974 890 subere
986 798 1143 906 clausam}

309 963 473 1053 Implicet‚
487 977 584 1049 atque
595 962 735 1027 habilem
747 963 859 1028 mediae
871 963 1072 1050 circumligat
1084 966 1194 1030 hestae.

313 1105 418 1186 Quam
431 1101 543 1166 dextre
555 1100 681 1186 ingenti
691 1100 831 1179 librans,
845 1100 890 1163 ita
900 1099 941 1163 ud
952 1099 1070 1163 aethera
1079 1101 1184 1164 futur:

359 1272 374 1303 ι
386 1243 493 1320 Alma,
509 1242 569 1305 tibi
580 1240 662 1304 hanc
669 1288 678 1319 ,
691 1263 863 1306 nemorum
875 1240 1010 1321 cultrix,
1024 1241 1157 1305 Latonia
1169 1242 1262 1328 virgo
1274 1288 1284 1321 ,

312 1386 383 1469 lpse
399 1395 492 1468 pater
506 1378 656 1444 famulam
670 1403 794 1444 voveo:
811 1396 864 1444 tua
880 1381 983 1468 prima
999 1402 1059 1466 per
1074 1401 1166 1442 auras

312 1518 389 1582 Tela
399 1533 513 1580 tenens
523 1515 658 1604 supplex
670 1516 796 1582 hostem
807 1517 901 1604 fugit.
915 1485 1051 1604 Accipe,
1066 1529 1178 1593 testor,

314 1657 412 1735 Diva,
426 1671 530 1734 tuam,
544 1678 615 1741 que
625 1677 714 1720 nuuc
725 1655 830 1720 dubiis
841 1654 1056 1720 committitur
1068 1653 1165 1718 euris.
1183 1683 1198 1712 n

368 2683 502 2759 »Dixit3
517 2697 550 2748 et
565 2684 704 2748 adducto
720 2697 906 2750 contortum
920 2685 1033 2749 hastile
1050 2684 1173 2751 lacerto

320 2823 487 2888 Immittit:
504 2843 641 2921 sonuere
658 2822 769 2899 undae3
786 2822 932 2908 rapidum
948 2815 1045 2908 super
1061 2845 1188 2886 amnem

321 2961 435 3026 Infelix
450 2959 536 3045 fugit
545 2957 577 3021 in
590 2956 698 3042 jaculo
716 2959 876 3022 stridente
892 2956 1039 3021 Camilia.

321 3103 362 3165 At
374 3101 535 3178 Metabus,
551 3119 667 3186 magna
677 3103 811 3187 propius
818 3101 885 3184 jam
897 3114 1034 3186 urgente
1045 3114 1193 3178 caterva,
1285 3123 1291 3136 ·

322 3246 386 3306 Det
396 3263 463 3306 sese
474 3239 590 3316 fluvio,
604 3249 702 3325 etque
713 3238 835 3303 hastam
846 3237 1058 3323 cumvirgine
1069 3237 1175 3302 victor

322 3379 518 3458 Gramiueo‚
535 3378 657 3443 donum
672 3377 806 3456 Triviae,
824 3376 864 3440 de
880 3376 999 3462 cespite
1014 3371 1118 3439 vellit.

323 3518 397 3579 Non
411 3515 504 3580 illum
520 3518 611 3582 tectis
627 3515 719 3594 ullae,
736 3539 806 3580 nou
821 3514 1000 3592 moenibus,
1019 3515 1115 3577 urbes

324 3656 506 3740 Accepere3
519 3675 625 3739 neque
637 3655 704 3741 ipse
716 3636 829 3718 manus
840 3653 968 3718 feritate
979 3652 1119 3716 dedisset
1132 3675 1139 3711 :

326 3795 496 3856 Pastorum
511 3803 544 3853 et
560 3790 635 3854 solis
650 3791 756 3877 euegit
772 3791 938 3858 montibus
952 3812 1068 3855 aevum.

325 3927 386 3992 Hic
397 3943 505 3992 netem
512 3953 529 4005 ,·
537 3925 573 3990 in
584 3926 689 3992 dumis
699 3929 850 4014 interque
863 3927 1030 3992 horrentia
1045 3925 1166 4001 lustru,

327 4068 522 4133 Armentalis
537 4073 627 4153 eque'e
641 4069 787 4131 mammis
802 4082 835 4130 et
847 4067 930 4132 lecte
946 4066 1051 4131 serino
