2924 4808
297 447 337 504 ot
500 441 735 504 AENEIDOS
759 440 913 500 LIBER
947 441 1052 502 VIII.
1191 441 1283 490 etos.

299 582 383 644 Hinc
395 584 557 666 Augustus
569 601 667 664 agens
682 579 779 644 Italos
790 579 824 641 in
834 579 943 664 praelia
958 579 1074 654 Caesar,
1103 595 1105 602 ’

301 722 383 784 Cum
396 718 558 805 patribus,
571 715 778 805 populoque,
798 717 983 793 Penatibus,
998 731 1032 779 et
1042 718 1165 805 magnis
1180 717 1240 796 dis,

303 863 399 923 Stans
414 858 496 921 celsa
506 858 541 922 in
553 858 671 945 puppi,
690 843 832 954 geminas
843 833 895 920 cui
907 851 1052 948 ternpore
1069 854 1210 942 flammas
1234 916 1235 922 ,

228 1084 230 1087 Ι
304 1001 386 1060 Laeta
401 1011 555 1074 veniunt,
568 995 772 1084 patriumque
787 989 933 1082 aperitur¹
944 994 1064 1058 vertice
1076 993 1174 1078 sidus.

279 2599 281 2605 ‘
308 2589 404 2652 Parte
419 2583 496 2667 alia,
511 2581 660 2660 ¹ventiset
674 2583 722 2654 dis
735 2586 877 2678 Agrippa
891 2584 1056 2670 secundis,

306 2725 448 2805 Arduus,
467 2748 581 2813 agmen
593 2751 707 2815 agens3
721 2730 791 2807 cuI,
807 2729 885 2794 belli
897 2707 1228 2816 insiguesuperburn‚

305 2868 462 2952 Tempora
473 2866 578 2930 navali
588 2867 714 2953 fulgent
725 2882 863 2931 rostrata
873 2889 1010 2962 ¹corona.

306 3003 389 3067 Hine
404 2972 469 3091 ope
478 2967 644 3067 barbarica
659 3004 819 3089 variisque
831 2979 992 3068 Antonius
1003 3004 1099 3067 armis

304 3141 430 3219 Victor,
442 3140 484 3203 ab
495 3139 769 3226 Aurorae-populis
785 3155 817 3206 et
827 3140 938 3204 littore
955 3141 1073 3218 rubro,

304 3283 496 3367 IEgyptum',
510 3276 658 3363 viresque
674 3277 839 3354 Orientis,
859 3294 891 3342 et
905 3279 1016 3352 ultima
1027 3289 1151 3344 seeum'
1180 3337 1181 3342 ,

303 3417 417 3478 Baetra
430 3413 537 3490 vebit3
556 3412 784 3498 sequiturque,
799 3414 908 3478 nefas!
925 3408 1073 3500 AEgyptia
1083 3415 1211 3496 conjux}

305 3550 376 3612 Una
389 3571 500 3613 omnes
512 3563 625 3630 ruere,
639 3573 675 3614 ac
694 3566 800 3618 totum
811 3575 979 3638 spumare,
997 3552 1138 3634 reductis

303 3684 502 3748 Convulsum
517 3687 614 3750 remis
628 3689 807 3776 rostrisque
823 3690 1039 3786 tridentibus,
1056 3712 1179 3776 aequor.

302 3822 376 3886 Alta
390 3837 525 3909 petunt:
539 3823 654 3909 pelago
667 3802 778 3890 cretlas
789 3827 902 3890 innare
914 3826 1057 3892 revulsas

303 3959 476 4047 Cycladas,
494 3974 549 4023 aut
559 3977 686 4026 montes
698 3984 895 4028 concurrere
909 3963 1074 4028 montibus
1083 3962 1190 4026 altos:

301 4104 401 4166 Tanta
415 4098 501 4163 tnole
516 4098 577 4164 viri
592 4101 717 4164 turritis
732 4100 895 4188 puppibus
910 4102 1043 4165 instant.
