2908 4810
281 434 343 496 332
531 431 754 494 AENEIDOS
785 431 925 494 LIBER
955 431 1017 493 xl.
1177 433 1273 496 ἢθη·

278 576 343 635 Nec
358 571 507 634 miseram
519 569 678 656 effugiunt
688 583 846 646 mortem3
859 569 916 634 sed
926 569 1038 635 limine
1048 571 1083 638 in
1094 572 1186 660 ipso,

277 705 435 770 Moenibus
448 707 483 768 in
495 705 625 791 patriis,
639 720 737 791 atque
750 706 837 769 inter
848 720 917 770 tuto
928 705 1124 788 domorum,

277 845 405 909 Confixi
417 844 582 931 exspirant
592 818 726 907 animes.
740 848 819 908 Pars
831 843 982 909 claudere
992 859 1124 931 portos3

275 987 342 1046 Neo
356 983 449 1046 sociis
464 982 591 1069 aperire
607 981 708 1058 viam,
724 1003 785 1044 nec
801 981 961 1045 moenibus
976 980 1096 1045 audent

275 1117 430 1206 Accipere
446 1133 595 1196 orantes3
612 1118 783 1205 oriturque
798 1119 979 1184 miserrima
994 1117 1096 1183 caedes

273 1255 515 1321 Defendentum
525 1256 622 1320 armis
630 1255 752 1341 aditus,
764 1257 865 1343 inque
876 1277 964 1320 arma
975 1270 1141 1322 ruentum.

273 1396 416 1468 Exclusi,
431 1407 505 1460 ante
516 1395 628 1459 oculos
641 1372 945 1497 lacryrnantumque
956 1417 1014 1460 ore
1023 1409 1216 1483 parentum,

273 1541 352 1600 Pars
367 1535 403 1599 in
417 1535 599 1622 proecipites
612 1534 728 1613 fossas,
745 1549 883 1623 urgente
898 1534 1012 1613 ruina,

274 1674 440 1773 Yolvitur3
454 1675 601 1739 immissis
610 1697 684 1763 pars
696 1696 779 1740 caeca
790 1690 824 1739 et
835 1675 961 1739 concita
974 1674 1074 1739 frenis

274 1815 398 1878 Arietat
412 1815 446 1877 in
460 1829 573 1901 portus
587 1828 621 1878 et
635 1813 736 1879 duros
750 1813 856 1898 objice
872 1827 994 1900 postes.

314 2789 393 2872 lpsae
406 2783 447 2848 de
461 2783 562 2848 muris
576 2804 701 2848 summo
716 2783 893 2850 certamine
910 2803 1027 2852 matres

269 2923 280 3009 (
292 2911 448 2986 Monstrat
457 2943 549 2986 amor
559 2944 656 2987 verus
665 2923 778 3009 patriae
789 2923 801 3012 )
813 2939 850 2988 ut
862 2925 973 2990 videre
985 2924 1154 2991 Camillam
1165 2972 1175 3003 ‚

268 3059 343 3124 Tela
356 3081 453 3124 manu
468 3059 603 3146 trepidae
613 3059 756 3144 jaciunt,
770 3083 807 3125 ac
822 3062 943 3129 robore
959 3063 1043 3128 duro

268 3199 438 3286 Stipitibus
449 3199 572 3264 ferrum
583 3197 782 3286 sudibusque
795 3185 964 3267 imitentur
978 3203 1101 3268 obustis

266 3337 469 3425 Praecipites,
485 3339 662 3426 primaeque
673 3340 757 3405 mori
768 3363 830 3428 pro
844 3341 1004 3407 moenibus
1014 3342 1141 3406 ardent.

308 3663 436 3727 Interea
449 3667 594 3732 Turnum
608 3668 643 3732 in
656 3667 744 3734 silvis
758 3669 945 3734 saevissimus
962 3667 1076 3756 implet
1256 3693 1274 3728 ο

263 3805 415 3884 Nuntius,
431 3821 463 3870 ct
470 3808 584 3890 juveni
595 3809 761 3896 ingentem
773 3810 931 3877 fcrt'Acca
943 3812 1117 3876 tumultum
1130 3835 1138 3873 ε

260 3939 391 4005 Deletas
402 3944 595 4011 Volscorum
609 3949 709 4029 acies,
724 3948 873 4016 cecidisse
886 3951 1073 4036 Caruilium,

258 4079 414 4165 ingruere
429 4083 571 4150 infensos
586 4086 713 4167 hostes,
729 4105 761 4156 et
776 4106 878 4156 marte
893 4092 1035 4158 secundo
