2952 4812
317 396 378 458 394
545 392 779 454 AENElDOS
810 393 952 454 LIBER
982 395 1068 455 Xll.
1205 395 1304 451 ὠά·

314 537 400 597 Dant
412 531 553 595 sonitum
567 527 708 620 spumosi
723 495 851 606 amnes,
869 545 901 594 et
915 533 949 596 in
966 553 1095 618 oequora
1112 552 1270 615 currunt,

313 671 459 756 Quisque
476 690 568 731 suum
583 661 755 753 populatus
766 666 835 767 ¹iter
849 673 859 729 ε’
875 691 943 732 non
961 669 1089 756 segnius
1103 672 1201 737 ambo

312 813 425 872 AEneas
438 811 629 891 Turnusque
644 820 745 869 ruunt
760 829 818 892 per
832 808 963 894 praelia:
983 833 1090 888 nunc,
1105 834 1196 876 nunc

313 945 461 1009 Fluctuat
474 945 522 1006 ira
535 943 639 1021 intus;
658 963 855 1032 rumpuntur
869 911 976 1014 nescia
990 951 1076 1018 vinci

313 1087 448 1146 Pectora
461 1105 470 1158 ς
486 1101 573 1145 nuno
589 1082 666 1145 totis
679 1082 713 1146 in
728 1083 864 1148 vulnera
879 1086 1003 1150 viribus
1017 1087 1096 1149 itur.

354 1665 539 1724 'Murranum
551 1659 622 1738 hic,
639 1675 748 1725 atavos
762 1675 795 1723 et
810 1680 945 1724 avorum
960 1659 1091 1743 antiqua
1108 1673 1275 1721 sonantem

309 1797 466 1874 Nomina,
484 1817 544 1883 per
561 1817 716 1881 regesque
730 1811 837 1859 aetum
853 1816 953 1880 genus
968 1817 1064 1858 omne
1082 1795 1230 1870 Latinos,

310 1920 511 2021 Praecipitem
524 1933 657 2020 scopulo
673 1949 769 2018 atque
785 1932 924 2022 ingentis
934 1911 1071 1995 'turbine
1087 1934 1153 1996 saxi

310 2070 456 2149 Excutit,
474 2071 675 2161 effunditque
690 2070 778 2149 solo:
798 2071 884 2134 hunc
900 2055 970 2133 lora
985 2085 1018 2133 et
1030 2072 1107 2155 juga
1121 2071 1234 2134 subter

309 2209 506 2273 Provolvere
522 2224 623 2286 rote,
641 2209 758 2281 crebro
775 2232 872 2295 super
888 2209 1009 2295 ungula
1024 2209 1117 2295 pulsu

307 2344 408 2408 Incite
425 2365 486 2410 nec
500 2345 625 2410 domini
639 2367 819 2409 memorum
832 2345 1001 2431 proculcat
1012 2365 1184 2434 equorum.

306 2477 364 2544 llle
378 2483 487 2547 ruenti
500 2485 597 2571 Hyllo
611 2485 787 2572 animisque
802 2485 941 2546 immane
956 2483 1108 2547 frementi

308 2619 476 2692 Occurrit,
495 2621 660 2708 telumque
675 2638 786 2685 aurata
801 2621 842 2684 ad
858 2623 1004 2707 tempora
1019 2623 1170 2705 torquet:
1227 2637 1230 2644 ’

306 2755 374 2818 Olli
386 2779 445 2842 per
457 2758 580 2843 galeam
595 2760 658 2826 fixo
674 2761 763 2824 stetit
775 2761 862 2824 hasta
879 2745 1025 2826 cerebro.

302 2900 444 2960 Dextera
453 2919 514 2960 nec
529 2911 644 2976 tuate,
662 2898 796 2963 Graium
807 2898 999 2974 fortissime,
1016 2899 1159 2978 Creteu,

304 3036 433 3122 Eripuit
442 3040 564 3098 Turno.
584 3037 649 3098 Nec
663 3035 696 3097 di
712 3046 821 3099 texere
834 3035 1040 3121 Cupencum,

304 3177 399 3236 AEnea
414 3173 585 3251 veniente,
600 3173 667 3236 sui:
684 3172 773 3236 dedit
785 3172 880 3237 obvia
894 3174 981 3237 ferro

303 3316 440 3374 Pectora
452 3339 460 3388 3
474 3335 534 3376 nec
547 3313 663 3376 misero
681 3311 785 3398 clypei
797 3335 887 3375 mora
900 3313 1023 3399 profuit
1036 3315 1120 3376 aerei.

302 3451 346 3510 Te
361 3470 490 3533 quoque
504 3455 677 3531 Laurentes
689 3450 855 3527 viderunt,
873 3451 981 3529 AEole‚
995 3451 1097 3536 campi

303 3587 488 3670 Oppetere,
506 3603 539 3650 et
554 3587 619 3652 late
632 3605 751 3653 terram
766 3603 974 3652 consternere
990 3589 1099 3674 tergo:

310 3725 458 3800 Occidis;
476 3725 600 3811 Argivae
616 3749 710 3813 quem
723 3749 790 3791 non
803 3743 939 3813 potuere
950 3725 1124 3812 phalanges

301 3864 474 3940 Sternere,
492 3886 553 3927 nec
566 3867 685 3930 Priami
700 3889 875 3953 regnorum
889 3883 1020 3930 eversor
1032 3864 1173 3930 Achilles
1185 3894 1193 3942 ς

304 3999 364 4062 Hie
376 3999 434 4062 tibi
448 4003 560 4065 mortis
578 4021 670 4068 erant
683 4022 790 4070 metae:
804 4005 917 4070 domus
929 3993 992 4073 alta
1008 3995 1072 4068 sub¹
1083 4005 1156 4082 lda,
