2872 4816
294 415 354 476 mo
539 408 1028 482 numnosumnux„
1200 359 1278 462 sss.

283 552 417 640 Jupiter
426 550 494 615 hrec
504 550 624 638 paucis.
638 554 681 615 tt
690 573 760 615 non
770 552 879 616 Venus
889 572 986 615 aurea
997 567 1114 616 contra

291 694 398 754 Pauca
413 689 534 753 refert:

338 854 353 884 a
365 830 396 893 Ο
407 841 513 914 pater,
526 849 547 890 o
560 826 730 891 hominum
743 826 919 913 divumque
932 842 1052 892 aeterna
1061 843 1224 917 potestas,

291 971 437 1055 Namque
447 965 533 1031 aliud
545 966 623 1055 quid
635 967 675 1030 sit
687 965 776 1054 quod
783 969 850 1051 jam
861 965 1036 1054 implorare
1047 941 1223 1056 queamus?

291 1107 407 1173 Cernis
420 1120 457 1169 ut
470 1104 628 1168 insultent
641 1103 771 1184 Rutuli,
789 1109 980 1190 Turnusque
997 1105 1121 1170 feratur

291 1251 358 1310 Per
371 1241 494 1307 medios
506 1240 642 1328 insignis
655 1242 764 1328 equis,
780 1240 988 1327 tumidusque
1004 1242 1146 1308 sectmdo

291 1388 394 1448 Marte
405 1396 498 1446 ruat:
512 1402 581 1444 non
593 1379 698 1442 clau'sa
709 1393 824 1465 tegunt
831 1382 897 1464 jam
911 1380 1028 1444 moenia
1039 1384 1182 1447 Teucros
1191 1353 1202 1461 ¹;

293 1523 383 1607 Quin
397 1469 483 1584 idua
498 1533 609 1606 portas
624 1532 721 1603 atque
737 1517 813 1606 ipsis
827 1517 938 1606 praelia
952 1519 1090 1583 miscent

293 1659 474 1748 Aggeribus
485 1678 653 1722 murorum
665 1683 674 1732 3
688 1671 721 1721 et
731 1656 893 1722 inundant
904 1659 1060 1747 sanguine
1073 1659 1176 1726 fossae.

295 1800 408 1860 AEneas
421 1797 552 1883 ignarus
566 1797 668 1860 abest.
684 1799 898 1881 Nunquamne
912 1796 1014 1862 levari

297 1934 478 2000 Obsidione
489 1933 592 1997 sines?
603 1931 704 1997 muris
714 1932 833 1996 iterum
846 1933 994 1998 imminet
1004 1934 1106 2000 hostis

295 2071 461 2136 Nascentis
472 2071 595 2174 'hojum
611 2091 741 2133 necnon
756 2070 915 2135 exereitus
929 2071 1023 2151 alter,

295 2215 402 2296 Atque
414 2208 531 2272 iterum
543 2181 578 2272 in
590 2213 731 2274 Teucros
741 2211 854 2276 AEtolis
865 2212 968 2300 surgit
981 2214 1022 2278 ab
1033 2215 1143 2310 Arpis·

294 2346 445 2434 Tydides.
459 2347 636 2435 Equidem,
649 2348 765 2430 credo,
780 2371 851 2432 mea
861 2349 995 2414 vulnera
1007 2367 1152 2429 restant;

294 2491 338 2552 Et
352 2503 405 2561 tua
420 2487 592 2576 progenies
608 2487 757 2552 mortalia
770 2487 925 2552 demoror
939 2510 1038 2553 arma.

296 2625 331 2690 Si
344 2627 413 2689 sine
427 2647 506 2713 pace
521 2641 591 2705 tua,
609 2639 705 2713 atque
719 2626 824 2692 invito
838 2625 971 2693 numine
986 2631 1085 2691 Troes

292 2765 418 2829 ltaliam
432 2765 575 2853 petiere3
590 2743 681 2828 luant
694 2779 845 2852 pecceta3
859 2787 966 2851 neque
980 2763 1055 2829 illos

292 2911 312 2970 J
316 2906 421 2972 ureris
436 2904 577 2969 auxilio:
594 2889 711 2970 sin'tot
726 2927 884 2994 responsa
897 2904 1018 2983 secuti,

295 3015 379 3135 Que
388 3049 505 3138 Superi
516 3051 689 3134 Manesque
700 3047 837 3126 dabant3
851 3071 910 3113 cur
921 3070 1009 3112 nune
1020 3063 1076 3114 tua
1088 3051 1257 3140 quisquam

294 3189 431 3253 Vertere
441 3187 528 3271 jussa
538 3185 667 3273 potest?
678 3197 804 3249 aut'cur
814 3207 899 3250 nova
912 3186 1055 3252 condere
1066 3189 1152 3252 fatu?

297 3325 386 3411 Quid
395 3309 541 3413 repetam
552 3341 679 3390 exustas
690 3325 831 3412 Erycino
843 3325 878 3390 in
888 3324 999 3391 littore
1011 3326 1145 3392 classes?

297 3463 387 3549 Quid
397 3479 625 3554 tempestatum
636 3486 747 3551 regem
759 3480 938 3552 ventosque
951 3465 1096 3530 furentes

298 3601 399 3666 AEolia
415 3602 556 3668 excitos?
568 3619 623 3668 eut
635 3618 740 3670 setam
754 3604 896 3670 nubibus
909 3606 1010 3670 Irim?

298 3742 392 3803 Nunc
408 3737 504 3804 etiam
520 3741 629 3804 Manes
643 3740 655 3827 (
667 3740 733 3805 haec
746 3742 906 3806 intentata
921 3743 1073 3806 maneb'et

299 3882 377 3944 Sors
389 3876 520 3961 rerum)
534 3893 661 3956 movet;
677 3894 710 3943 et
722 3881 846 3966 superis
857 3863 995 3945 immissa
1009 3896 1146 3966 repente
1188 3877 1194 3894 ‘

299 4016 429 4093 Alecto,
447 4015 566 4081 medias
582 4017 696 4082 Italum
712 4018 863 4083 bacchata
879 4042 939 4106 per
952 4020 1063 4082 urbes.
