2872 4816
218 511 220 516 ,
325 427 383 489 us
567 419 1056 484 numnostrsunrx.
1209 419 1296 473 alu.

321 560 465 644 Quisque
477 580 565 632 suos;
579 556 738 650 variisque
749 568 867 618 acuunt
878 553 1062 618 rumoribus
1073 552 1146 617 iras.

321 699 410 783 Quin
420 700 488 784 ipsa
499 694 646 772 arrectis,
665 694 735 758 visu
748 691 927 756 miserabile
939 738 948 767 ,
960 690 996 754 iu
1007 689 1104 753 hastis
1203 719 1205 724 ·

321 836 496 921 Praefigunt
506 833 629 920 capita,
645 847 678 895 et
691 830 794 893 multo
809 828 949 893 clamore
960 841 1151 913 sequuntur,

322 972 453 1057 Euryali
465 986 497 1035 et
512 971 589 1034 Nisi.

367 1301 514 1366 AEncadae
529 1297 603 1365 duri
612 1322 780 1365 murorum
790 1301 825 1363 in
839 1314 931 1386 parte
941 1299 1067 1362 sinistra

325 1441 517 1525 Opposuere
528 1439 647 1516 aciem,
664 1459 739 1502 nam
754 1435 887 1502 dextera
898 1436 1040 1522 cingitur
1054 1436 1155 1512 amni,
1202 1423 1209 1436 ’

321 1581 538 1662 Ingentesque
549 1589 663 1639 tenent
673 1574 791 1651 fossas,
805 1588 838 1638 et
848 1573 994 1638 turribus
1004 1574 1076 1638 altis

324 1714 419 1776 Stant
430 1712 534 1776 moesti
545 1734 553 1774 τ
566 1711 660 1776 simul
671 1733 729 1776 ora
740 1677 846 1776 viium
856 1711 985 1797 praefixa
994 1711 1170 1784 movebunt
1179 1729 1196 1788 ,J

322 1851 406 1914 Nota
414 1850 509 1912 nimis
518 1849 657 1926 miseris,
671 1863 808 1933 atroque
819 1847 952 1912 liuentia
962 1849 1058 1922 tabo.¹

323 1993 452 2052 Interea
462 1986 610 2075 pavidam
620 1986 758 2050 volitans
772 2001 911 2072 pennata
923 2008 984 2074 per
996 1989 1113 2060 urbem

326 2125 444 2199 Nuntia
454 2125 536 2189 fama
546 2125 627 2203 ruit,
641 2124 815 2211 matrisque
826 2124 986 2190 adlabitur
996 2147 1088 2190 aures

233 2272 237 2280 “
327 2261 478 2347 Euryali:
493 2276 527 2326 at
537 2261 660 2325 subitus
672 2260 795 2328 miseras
808 2262 897 2330 calor
907 2284 978 2327 ossa
987 2261 1142 2348 reliquias

328 2400 459 2464 Excussi
468 2398 616 2463 manibus
626 2397 725 2476 radii,
738 2398 950 2486 revolutaque
963 2421 1080 2486 peusa3
1111 2429 1116 2440 ·

329 2539 580 2618 avolaturus,
594 2539 932 2618 stamineouuau
1011 2503 1015 2512 ’

326 2679 432 2762 ,scissa
443 2700 584 2756 comam,
597 2700 707 2742 muros
718 2701 829 2742 amens
838 2694 935 2765 atque
946 2678 1072 2764 agmina
1083 2700 1182 2744 cursu-

330 2816 438 2880 Prima
449 2816 531 2901 petit
544 2840 553 2878 ι
566 2838 634 2884 nou
645 2815 699 2880 illa
712 2816 816 2880 vnum
824 2863 836 2894 „
847 2837 916 2880 non
925 2815 980 2884 illa
991 2815 1106 2902 pericli

329 2952 545 3039 Telorumque
557 2974 701 3029 memor;
714 2952 832 3026 coelum
843 2951 961 3018 dehinc
972 2953 1139 3038 questibus
1149 2953 1261 3040 implet
1270 2977 1283 3015 :·

333 3122 349 3163 u
363 3096 457 3183 llunc
470 3115 531 3179 ego
542 3107 594 3172 te,
612 3095 764 3179 Euryale,
780 3095 943 3182 adspicio?
954 3112 1032 3162 tune
1044 3097 1117 3176 ille,
1132 3113 1273 3163 sencetae.
1307 3062 1313 3076 ι

331 3237 411 3299 Sera
421 3255 499 3297 meae
509 3232 658 3320 requies?
668 3234 802 3321 potuisti
812 3233 961 3322 linquere
973 3237 1089 3315 solam,

331 3369 496 3434 Crudelis!
508 3385 632 3449 necte,
646 3371 708 3436 sub
717 3387 808 3438 tanta
817 3373 962 3461 pericula
974 3373 1119 3453 missum,

330 3508 431 3584 Allari
443 3524 622 3575 extremum
634 3511 757 3586 miseras
767 3512 841 3578 data
851 3513 945 3600 copia
954 3515 1073 3578 matri?

331 3643 420 3720 lleu!
432 3657 521 3706 terra
529 3644 659 3730 ignota,
672 3646 805 3711 canibus
814 3647 889 3711 date
900 3647 1008 3733 prada
1018 3647 1138 3710 Latinis

256 3747 259 3750 Ι
332 3777 534 3866 Alitibusque
544 3827 553 3858 ,
562 3783 665 3864 jaces!
678 3806 738 3848 nec
751 3800 798 3858 te,
812 3800 867 3849 tua
877 3785 1007 3863 funera,
1022 3799 1126 3848 mater.

332 3916 491 3994 Produxi,
505 3920 647 4004 pressive
658 3921 785 4000 oculos,
799 3936 854 4002 aut
863 3924 998 3994 vttlnem
1010 3923 1091 4001 lavi,

332 4058 429 4132 Veste
438 4071 567 4148 tegens,
581 4057 641 4122 tibi
652 4081 748 4160 quam
759 4074 871 4135 noctes
881 4061 995 4142 festina
1006 4062 1145 4163 diesque·
