2924 4808
299 419 1283 453 Q

550 601 839 804 traua
896 685 1019 802 tx.

657 801 662 816 t

337 1231 443 1313 Atque
458 1250 493 1291 ea
510 1229 635 1293 diversa
650 1232 778 1319 penitus
793 1229 871 1296 dutn
885 1249 976 1318 parte
993 1253 1165 1320 geruntur,

295 1368 372 1432 Irim
388 1367 430 1432 de
444 1367 527 1432 coelo
542 1367 629 1433 misit
645 1369 794 1433 Saturnia
808 1374 895 1434 Juno

293 1509 454 1572 Audacem
469 1508 509 1571 ad
521 1513 677 1571 Turnum.
694 1512 780 1572 Luco
796 1524 864 1571 tum
876 1509 961 1572 forte
974 1513 1116 1594 parentis

294 1645 434 1709 Pilumni
446 1649 573 1709 Turnus
584 1641 706 1709 saerata
719 1645 802 1709 valle
814 1645 957 1709 sedebat.

295 1783 344 1847 Ad
358 1807 455 1870 quem
468 1785 513 1850 sie
524 1807 619 1852 roseo
630 1784 856 1860 Thaumantias
867 1808 925 1848 ore
940 1785 1046 1848 locuta
1058 1803 1125 1850 est:
1223 1853 1225 1858 ,

341 1949 355 1978 α
367 1926 494 1998 Turne,
509 1922 598 2007 quod
610 1923 738 2007 optanti
749 1922 859 1986 divum
871 1924 1064 2007 promittere
1075 1947 1174 1988 nemo

297 2057 439 2122 Auderet
449 2057 635 2156 ‚lvolvenda
651 2058 718 2122 dies
734 2082 774 2123 en
790 2061 899 2127 attulit
917 2062 1023 2125 ultro:

295 2201 428 2274 AEneas,
447 2197 545 2273 urbe,
563 2211 596 2261 et
612 2197 719 2276 sociis,
739 2212 771 2261 et
787 2197 884 2262 classe
900 2176 1030 2279 relicta,
1082 2167 1084 2172 ι

297 2340 432 2422 Sceptra
448 2335 585 2398 Palatini
600 2335 772 2422 sedemque
788 2338 871 2423 petit
886 2339 1037 2403 Evandri.
1093 2345 1095 2350 '

295 2479 360 2537 Nec
372 2475 467 2539 satis:
484 2485 642 2538 extremas
657 2475 796 2562 Corythi
808 2478 992 2563 penetravit
1003 2477 1042 2540 ad
1057 2479 1170 2552 urbes;

295 2615 524 2702 Lydorumque
535 2640 684 2696 manum,
698 2617 853 2681 collectos
865 2621 966 2680 armat
977 2633 1128 2704 agrestes.

292 2756 384 2840 Quid
394 2757 540 2821 dubitas?
553 2781 642 2822 nune
654 2774 781 2843 tempus
793 2779 912 2842 equos,
926 2781 1014 2821 nuuc
1027 2779 1163 2844 poscere
1174 2777 1301 2820 currus:

294 2897 420 2979 Rumpe
436 2916 542 2956 moras
559 2901 689 2968 omnes3
707 2910 739 2956 et
757 2893 885 2957 turbata
902 2895 1009 2981 arripe
1025 2910 1139 2958 castra.
1156 2925 1174 2952 »t

270 3111 274 3118 '
339 3108 448 3182 Dixit;
467 3123 500 3170 et
517 3109 551 3170 in
568 3107 683 3171 coelum
700 3108 833 3194 paribus
849 3132 883 3171 se
896 3109 1024 3172 sustulit
1039 3110 1114 3185 alis;

292 3253 528 3337 lugentemque
544 3248 622 3336 fuga.
635 3247 736 3312 secuit
752 3247 812 3310 sub
828 3248 970 3310 nubibus
987 3269 1107 3312 arcum.

295 3391 438 3474 Agnovit
447 3387 594 3472 juven'm,
610 3385 819 3471 duplicesque
835 3385 994 3448 adsidere
1012 3385 1131 3471 palmas

298 3527 449 3599 Sustulit,
469 3542 501 3589 et
517 3525 572 3589 tali
589 3525 768 3610 fugientem
784 3539 832 3587 est
849 3545 929 3586 voce
945 3537 1091 3586 secutus:

299 3695 314 3726 a
326 3666 389 3742 lri,
402 3663 499 3727 decus
514 3663 604 3750 coeli,
620 3664 690 3748 quis
704 3679 735 3726 te
749 3662 827 3728 mihi
840 3661 980 3724 nubibus
992 3676 1094 3724 actam

297 3803 423 3867 Detulit
435 3803 470 3865 in
486 3804 610 3865 terras?
626 3803 713 3868 unde
728 3803 796 3866 laec
812 3817 878 3866 tam
893 3801 979 3866 clara
997 3814 1133 3884 repente

295 3940 500 4025 Tempestas?
513 3937 654 4002 medium
670 3941 764 4004 video
781 3940 945 4003 discedere
962 3939 1097 4012 coelum,

296 4081 509 4164 Palantesque
526 4076 723 4163 polostellas
739 4104 746 4142 ε
764 4101 884 4164 sequor
901 4078 1008 4140 omina
1026 4090 1132 4152 tanta,
