2924 4808
301 403 343 466 78
544 399 766 461 AENEIDOS
797 400 940 460 LIBER
968 401 1030 460 IX.
1205 415 1279 450 ms.

300 538 453 625 Quisquis
463 537 497 600 in
508 559 595 599 arma
606 559 713 600 vocas.
728 566 742 593 a
757 539 798 600 Et
809 539 854 602 sic
865 537 979 601 effatus
992 538 1032 602 ad
1045 539 1165 604 undam

299 677 479 753 Processit,
493 696 682 760 summoque
697 674 803 738 hausit
819 673 860 738 de
875 675 1003 761 gurgite
1018 674 1185 763 lymphas,

255 833 257 836 ·
301 812 401 878 Multa
416 814 493 877 deos
510 821 624 888 orans3
642 813 855 899 oneravitque
870 811 989 875 aethera
1005 814 1100 878 votis.

345 957 480 1038 Jamque
496 951 601 1015 omnis
611 951 732 1036 campis
743 951 902 1014 exercitus
913 950 982 1013 ibat
995 951 1132 1038 apertis,

302 1090 401 1171 Dives
415 1111 553 1175 equum,
570 1087 659 1152 div'es
674 1087 773 1176 pictai
788 1087 885 1152 vestis
900 1102 933 1150 et
947 1087 1028 1150 auri.

303 1230 466 1313 Messapus
478 1225 598 1312 primas
612 1225 711 1302 acies,
729 1240 894 1311 postrema
909 1240 1062 1288 coercent

302 1364 469 1450 Tyrrhidae
480 1365 634 1446 juvenes3
651 1361 759 1426 medio
775 1361 840 1426 dux
854 1363 982 1448 agmine
997 1367 1123 1428 Turnus

302 1506 473 1593 (Vertitur
485 1526 571 1567 arma
582 1519 714 1580 tenens,
729 1519 762 1567 et
772 1519 844 1568 toto
856 1504 978 1568 vertice
990 1526 1087 1590 supra
1098 1520 1147 1568 est
1159 1530 1166 1568 ε
1183 1505 1195 1593 )

305 1645 375 1707 Ceu
390 1657 514 1731 septem
530 1664 665 1728 surgens
679 1641 795 1706 sedatis
810 1641 959 1706 amnibus
974 1641 1059 1706 altus

306 1790 371 1849 Per
385 1785 519 1848 tacitum
535 1787 664 1870 Ganges
674 1817 692 1861 ,s
701 1798 756 1847 aut
771 1782 886 1870 pingui
900 1781 1160 1861 flumineNilus,

307 1924 418 2002 Quum
433 1920 543 1983 refluit
556 1919 694 2007 campis,
709 1920 820 2002 etjam
836 1941 869 1983 se
885 1918 1030 1984 condidit
1043 1919 1149 1985 alveo.

354 2659 415 2724 Hic
429 2659 569 2724 subitam
580 2661 677 2748 nigro
691 2661 865 2748 glomerari
875 2657 1012 2751 pulvere
1025 2664 1146 2730 nubem

311 2800 519 2886 Prospiciunt
531 2803 666 2880 Teucri,
683 2825 719 2866 ac
733 2804 886 2868 ,tenebras
901 2805 1069 2891 insurgere
1086 2807 1217 2892 campis.

312 2937 440 3002 Primus
456 2939 497 3000 ab
512 2935 645 3002 adversa
662 2938 842 3004 conclamat
856 2943 942 3006 mole
958 2943 1091 3006 Caicus:

314 3106 328 3134 (ι
346 3077 427 3160 Quis
443 3075 578 3162 globus,
597 3099 616 3140 ο
633 3077 738 3155 cives,
756 3079 893 3166 caligine
908 3081 1052 3145 volvitur
1065 3087 1151 3144 atra!

312 3219 407 3280 Ferte
421 3214 476 3279 citi
490 3215 633 3296 ferrum,
652 3201 733 3280 date
744 3219 827 3296 tela,
846 3219 989 3283 scandite
1005 3201 1136 3298 muros,

307 3354 420 3418 ¹Hostis
433 3353 540 3433 adest,
558 3356 626 3420 eiat
642 3385 656 3414 a
672 3357 803 3442 lugenti
813 3357 960 3436 ¹clamore
977 3379 1037 3444 per
1052 3379 1165 3420 omnes

270 3525 274 3531 ·
314 3489 471 3556 Condunt
481 3515 515 3556 se
526 3496 640 3560 Teucri
651 3511 779 3582 portas,
793 3512 827 3560 et
838 3497 955 3560 moenia
969 3497 1146 3582 complent.

313 3631 457 3713 Namque
472 3631 516 3692 ita
532 3630 699 3697 discedens
715 3651 913 3722 preceperat
928 3636 1068 3722 optimus
1085 3635 1180 3698 armis

315 3768 449 3828 AEneas:
468 3765 493 3827 si
509 3787 572 3850 qua
588 3767 712 3833 interea
725 3769 856 3834 fortuna
870 3769 1000 3846 fuisset,

314 3907 362 3966 Ne
374 3918 499 3966 struere
510 3905 668 3972 auderent
679 3909 795 3985 aciem,
809 3931 874 3973 neu
886 3910 1020 3976 credere
1031 3933 1164 3996 campo,
1200 3963 1202 3968 .

317 4042 429 4106 Castra
444 4043 542 4107 modo
560 4059 591 4106 et
610 4060 696 4110 tutos
713 4064 879 4114 servarent
895 4071 1012 4138 aggere
1028 4072 1151 4113 muros.
