2924 4808
254 419 272 478 s
473 402 1018 480 mustuostmsu'vnr.
1166 395 1241 463 „aa

251 543 384 642 Surgit3
399 572 451 633 et,
471 554 596 620 aetherii
608 568 757 641 spectans
766 555 906 620 orientia
912 555 994 637 ,solis

250 695 402 771 Lumina,
420 694 483 758 rite
499 692 584 758 cavis
597 673 716 790 undam
728 679 768 757 de
776 693 912 788 flumine
924 693 1037 780 palmis

251 830 405 908 Sustulit,
425 853 461 894 ao
476 829 556 894 tales
571 823 710 893 effundit
721 830 762 894 ad
773 831 893 894 ae'tbere
906 851 1021 895 voees:

250 972 405 1058 Nympbae
415 991 430 1050 ,·
442 967 618 1034 Laurentes
635 969 816 1056 Nymphae,
835 938 936 1056 genus
952 970 1099 1051 amnibus
1121 970 1206 1036 uude
1220 985 1288 1047 est,

249 1113 380 1194 Tuque,
395 1131 415 1172 o
425 1087 619 1200 ¹Thybritpo
631 1096 848 1194 genitoroum
856 1106 994 1182 ,flumine
1009 1121 1138 1186 saneto,

225 1245 227 1248 ’
252 1249 397 1335 Accipite
409 1239 554 1325 ¹AEnean,
569 1263 603 1310 et
615 1247 746 1310 tandem
759 1261 869 1310 arcete
880 1245 1022 1332 periclis.

253 1390 328 1469 Quo
340 1402 373 1449 te
385 1383 527 1472 eumque
535 1386 623 1450 lacus
634 1386 842 1449 miserantem
854 1383 1058 1448 incommoda
1068 1357 1180 1450 nostra

254 1527 357 1590 Fonte
375 1541 485 1604 tenet,
499 1549 708 1614 ¹quocumque
720 1525 790 1590 solo
806 1524 1044 1612 pulcherrimus
1059 1524 1143 1602 exis,
1191 1615 1192 1621 ἵ

165 1702 168 1707 -
254 1667 390 1751 Semper
405 1666 532 1731 honore
544 1689 635 1745 meo,
649 1688 777 1753 semper
788 1663 1122 1748 celebraberedonis,

253 1798 415 1886 Corniger
427 1802 645 1886 Hesperidum
660 1803 777 1866 fluvius
789 1805 946 1884 regnator
957 1808 1124 1883 uquarum.
1204 1783 1206 1786 ⁵

253 1936 345 2002 Adsis
357 1962 378 2002 o
394 1953 520 2002 tantum
533 1987 542 2016 ,
555 1955 589 2003 et
599 1941 735 2027 propius
751 1955 805 2002 tua
820 1937 953 2001 numina
965 1937 1084 1999 firmes.

262 2081 264 2086 ’
298 2079 351 2144 Sic
367 2095 543 2157 memorat,
559 2079 766 2165 geminasque
778 2075 857 2163 legit
870 2074 910 2138 de
923 2073 1022 2138 classe
1033 2073 1190 2153 biremes,

253 2216 468 2302 Remigioque
484 2229 594 2302 aptat3
610 2213 714 2277 socios
729 2210 969 2292 simulinstruit
983 2212 1108 2292 armis„
1191 2265 1194 2270 .

254 2358 337 2418 Ecce
347 2368 473 2431 autem,
491 2354 632 2418 subitum
644 2367 742 2438 atque
754 2350 856 2415 oculis
867 2350 1014 2416 mirabile
1029 2365 1210 2415 monstrum

258 2491 403 2556 Candida
414 2513 475 2579 per
486 2490 599 2556 silvam
614 2488 688 2554 oum
703 2490 772 2554 fetu
787 2488 944 2553 concolor
955 2489 1029 2553 albo

257 2603 456 2707 Procubuit,
475 2629 637 2724 viridique
653 2629 688 2692 in
703 2613 1042 2714 littoreconspioitur,
1061 2651 1130 2690 sus:

257 2773 364 2852 Quam
376 2769 448 2856 pius
464 2774 577 2862 AEueas
589 2770 649 2834 tibi
661 2770 768 2845 enim,
787 2745 867 2845 tibi,
882 2769 1018 2832 maxima
1032 2771 1051 2831 J
1055 2791 1138 2843 uno,

256 2911 373 2972 Mactat
382 2955 390 2984 ,
407 2929 498 3004 ‚sacra
513 2908 637 2986 ferens,
653 2924 687 2971 et
703 2928 890 2994 cumgrege
902 2882 985 2970 sistit
999 2907 1040 2970 ad
1055 2923 1160 2969 aram.

254 3047 397 3134 Thybris
409 3069 446 3110 ea
460 3047 614 3124 fluvium,
631 3068 727 3131 quam
741 3045 917 3132 longeest,
931 3061 1029 3110 noete
1040 3059 1219 3108 tumentem

258 3185 383 3266 Leniit,
398 3202 430 3250 et
447 3155 543 3249 tacita
555 3185 697 3250 refluens
713 3186 756 3249 ita
773 3185 916 3249 substitit
929 3184 1032 3262 u'nde,

258 3327 342 3390 Mitis
354 3320 435 3400 utin
446 3348 572 3390 morem
583 3325 689 3410 stagni
704 3323 902 3411 placideque
912 3323 1043 3410 paludis

258 3467 429 3528 Sterneret
439 3486 551 3550 aequor
562 3463 670 3551 aquis,
686 3484 777 3527 remo
791 3478 827 3527 ut
838 3462 1008 3542 luctamen¹
1017 3461 1154 3545 abesset.

261 3605 346 3688 Ergo
358 3601 421 3663 iter
440 3601 607 3687 inceptum
623 3599 767 3666 celerant
778 3621 911 3666 rumore
924 3597 1080 3666 secundo.

258 3739 391 3804 Labitur
407 3753 504 3802 uncta
520 3737 610 3803 vadis
622 3740 729 3803 abies:
744 3739 904 3802 mirantur
920 3753 953 3801 et
966 3735 1078 3810 undae,

259 3880 399 3946 Miratur„
409 3897 523 3939 nemus
535 3874 697 3939 insuetum
709 3874 866 3960 fulgentia
877 3874 975 3960 longe

227 4043 231 4048 ·
256 4022 355 4088 Scuta
367 4016 471 4084 virum
482 4014 593 4091 fluvio,
607 4015 772 4101 pietasque
784 4013 897 4083 innare
915 4015 1049 4084 carinas.
