2924 4808
276 421 316 480 ⁸4
527 405 758 475 AENEiDOS
790 411 934 471 LIBER
966 397 1027 470 tx.
1184 405 1260 470 v19³·

273 551 371 616 Filius
384 551 458 613 huic
472 564 603 626 contra,
619 561 753 634 torquet
767 549 825 632 qui
840 547 943 610 sidera
959 546 1092 609 mundi:
1171 579 1174 588 ·

278 721 292 750 a
309 695 340 756 Ο
352 691 516 777 genetrix,
529 707 596 774 quo
610 687 674 749 sata
686 685 802 750 vocas?
812 699 867 747 aut
878 685 957 769 quid
968 684 1052 770 petis
1062 685 1151 749 istis?

274 825 445 893 Mortaline
456 803 553 889 manu
564 824 655 887 factae
668 797 851 920 immortale
863 823 979 886 carinae

274 975 331 1033 Fas
342 927 685 1050 habeantieertusque
695 964 820 1032 incerta
831 962 974 1049 pericula
985 962 1101 1026 lustret
1174 983 1176 987 ·

274 1104 411 1176 AEneas?
430 1104 490 1168 Cui
504 1117 594 1166 tanta
607 1102 670 1166 deo
685 1101 839 1188 permissa
853 1099 1016 1186 potestas?

274 1252 393 1322 lmm0,
410 1243 467 1308 ubi
482 1243 641 1307 defunctae
657 1242 756 1305 finem
772 1251 952 1326 portusque
966 1237 1126 1302 tenebunt

274 1381 452 1458 Ausonios,
471 1379 548 1444 olim
566 1355 776 1478 quaecumque
793 1377 930 1441 evaserit
945 1377 1065 1454 undas,

275 1519 538 1605 Dardaniumque
552 1517 672 1612 ducem*
683 1516 841 1582 laurentia
858 1515 980 1579 vexerit
995 1537 1088 1594 arva,

274 1657 445 1734 Mortalem
456 1655 590 1742 eripiam
601 1655 756 1732 fonnem,
770 1653 944 1740 magnique
952 1654 1078 1736 jubebo

277 1794 426 1880 AEquoris
437 1815 505 1857 esse
516 1793 592 1856 deas
605 1813 614 1854 ε
631 1792 735 1877 qualis
746 1791 861 1854 Nereia
874 1794 963 1854 Doto

276 1933 318 1992 Et
329 1929 462 1993 Galatea
473 1919 583 1992 secant
598 1943 800 2014 spumantem
813 1944 947 2013 pectore
960 1945 1108 2014 pontum.
1128 1925 1153 1988 ι’

278 2067 428 2143 Dixerat3
444 2047 541 2152 idque
554 2081 659 2129 ratum
673 2066 778 2152 Stygii
789 2087 849 2151 per
860 2065 992 2130 flmnina
1003 2065 1129 2144 fratris,

205 2177 247 2231 fs
279 2210 344 2270 Per
357 2204 429 2292 pice
441 2216 604 2267 torrentes
615 2216 749 2287 atraque
760 2204 915 2288 voragine
928 2203 1032 2289 ripas,

278 2342 420 2442 Annum
434 2355 467 2418 et
479 2355 586 2406 totum
597 2355 679 2406 nutu
691 2339 872 2404 tremefecit
885 2339 1100 2440 Olympum}
1142 2391 1145 2396 .

324 2533 410 2615 Ergo
422 2525 533 2596 aderat
544 2513 701 2614 promissa
712 2501 798 2605 dies,
813 2542 846 2590 et
857 2517 1005 2614 tempora
1016 2532 1124 2594 Parcae

280 2667 399 2732 Debita
409 2667 627 2756 complerant,
642 2687 742 2753 quum
754 2666 856 2744 Turni
865 2666 983 2751 injuria
995 2671 1130 2736 Matrem

281 2805 458 2870 Admonuit
469 2805 593 2870 ratibus
605 2801 880 2888 sacrisdqteliere
893 2802 1002 2866 taedas.

281 2941 342 3006 Hic
353 2943 494 3030 primunr
501 2957 590 3006 nova
601 2941 656 3003 iux
668 2939 769 3004 mutis
781 2939 903 3003 offulsit
910 2987 918 3018 ,
933 2956 966 3003 et
976 2941 1093 3027 'ingens

281 3082 374 3148 Visus
386 3081 427 3144 ab
438 3090 556 3142 'aurora
566 3077 683 3141 coelum
695 3092 918 3141 transcurrere
929 3079 1080 3159 nimbus,

280 3217 420 3304 Idaeique
433 3215 525 3280 chori
536 3241 544 3292 ς
560 3230 629 3278 tum
641 3213 879 3286 voxhorrenda
890 3237 950 3306 per
961 3238 1053 3280 auras

280 3357 423 3435 Excidit,
437 3371 471 3422 et
481 3361 601 3434 Troum
612 3352 873 3439 Rutulorumque
884 3354 1011 3439 agerint
1022 3355 1183 3442 completi

283 3525 297 3555 α
312 3500 359 3562 Ne
371 3497 531 3584 trepidate
544 3515 652 3573 meas,
661 3493 794 3572 Teucri,
807 3493 982 3559 defendere
993 3515 1091 3561 naves
1098 3544 1107 3575 ,

280 3640 369 3701 Neve
382 3649 504 3731 armate
515 3657 647 3710 manus3
660 3597 759 3696 maria
770 3647 845 3696 ante
857 3655 992 3699 exurere
1001 3639 1112 3710 Turno

281 3775 388 3856 Quam
401 3790 506 3833 sacras
516 3767 646 3832 dabitur
658 3768 764 3854 pinus.
775 3739 865 3848 ¹Vos,
879 3769 923 3834 ite
935 3772 1067 3853 solutae,

280 3913 347 3988 Ite,
362 3910 430 3973 dcae
440 3907 564 3996 pelagi3
578 3907 728 4002 genetrix
733 3906 839 3992 jubet.
854 3935 868 3966 υ
883 3911 924 3974 Et
934 3933 990 3976 sua
1001 3933 1137 3999 quaeque

286 4047 451 4124 Continuo
461 4065 589 4134 puppes
598 4045 797 4132 abrumpunt
807 4041 936 4110 rutenia
948 4048 1045 4132 ripis,
