2908 4810
298 370 361 432 352
526 368 756 432 AENEIDOS
785 368 932 432 LIBER
958 369 1041 430 ΧΗ.
1208 366 1282 428 utss·

297 512 369 572 Non
384 511 523 572 Teucros
533 520 607 592 agat
616 505 650 572 in
663 505 819 570 Rutulosa
832 510 992 572 Teucrum
1002 468 1090 570 arma
1100 505 1269 592 quiescant

297 652 335 710 Et
347 645 522 710 Rutulum:
538 659 652 710 nostro
664 645 849 708 dirimamus
859 643 1016 730 sanguine
1028 642 1169 708 bellum:

295 784 355 850 lllo
370 799 532 871 quaeratur
545 785 664 868 conjux
675 781 804 846 Lavinia
819 803 967 868 campo.»

339 1199 413 1258 Haec
424 1194 481 1258 ubi
491 1192 576 1256 dicta
588 1191 696 1269 dedit,
710 1190 903 1277 rapidusque
919 1191 955 1256 in
966 1207 1052 1257 tecta
1066 1195 1199 1259 recessit
1210 1197 1257 1258 ²¹:

294 1333 403 1398 Poscit
415 1352 534 1417 equos,
548 1328 729 1416 gaudetque
745 1343 840 1391 tuens
855 1344 930 1393 ante
942 1349 998 1393 ora
1012 1331 1188 1396 frementes
1202 1358 1210 1409 ;

294 1474 445 1538 Pilumno
457 1492 538 1557 quos
555 1469 623 1556 ipsa
634 1467 733 1532 decus
747 1468 835 1532 dedit
848 1469 998 1556 Orithyia
1010 1498 1019 1548 3

295 1611 360 1695 Qui
370 1607 510 1673 candore
521 1605 610 1672 nives
619 1607 800 1684 anteirent,
815 1607 962 1672 cursibus
974 1629 1077 1672 auras.

295 1745 512 1808 Circumstant
521 1741 805 1829 properiaurigae,
819 1743 1029 1830 manibusque
1040 1742 1200 1814 lacessunt

294 1886 431 1946 Pectora
446 1881 555 1969 plausa
567 1880 651 1946 cavis
658 1927 667 1958 ,
685 1895 719 1943 et
732 1879 816 1945 colla
827 1881 987 1944 comantia
998 1899 1148 1970 pectunt.

293 2025 364 2107 lpse
377 2019 495 2084 dehinc
509 2040 588 2083 auro
605 2019 805 2105 squalentem
819 2018 959 2104 alboque
971 2019 1133 2085 orichalco

295 2158 481 2223 Circumdat
495 2155 628 2220 loricam
642 2155 798 2231 humeris;
817 2153 911 2218 simul
922 2170 1011 2243 aptat
1025 2155 1173 2252 habendo

295 2302 490 2382 limamque,
508 2293 740 2382 clypeumque,
755 2307 788 2356 ct
804 2293 911 2360 rubrae
927 2315 1050 2360 cornua
1065 2294 1181 2358 criste:

294 2435 427 2510 Euscm,
444 2453 541 2518 quem
552 2434 668 2496 Dauno
679 2429 864 2516 ignipotens
877 2428 957 2500 deus
969 2429 1039 2516 ipss
1053 2430 1179 2516 parenti

293 2574 441 2648 Fecerat,
459 2584 491 2632 et
503 2567 614 2653 Stygia
626 2565 817 2630 candentem
830 2565 969 2631 tinxerat
979 2565 1077 2632 unda.

294 3035 374 3095 Exin
385 3079 394 3111 ,
409 3051 480 3117 quaa
492 3026 604 3091 mediis
616 3027 740 3113 ingenti
751 3025 866 3092 adnixa
878 3028 1035 3094 colum'nae

294 3169 424 3235 AEdibus
440 3167 603 3245 adstabat,
616 3165 760 3242 ,validam
773 3166 803 3231 vi
818 3167 954 3254 corripit
968 3169 1109 3247 hastam,

294 3308 420 3374 Actoris
430 3304 573 3370 Aurunci
584 3302 740 3392 spolium,
757 3321 947 3392 quassatque
965 3322 1177 3387 trementem,

293 3447 496 3512 vociferant:
516 3447 646 3520 «Nunc,
660 3465 680 3506 o
692 3463 858 3527 nunquam
873 3443 1024 3512 frustrata
1035 3461 1169 3514 vocatus

293 3588 391 3648 Hasta
403 3602 509 3658 meos,
522 3601 610 3644 nunc
624 3595 750 3665 tempus
762 3577 865 3646 adest:
882 3595 914 3644 ta
930 3583 1085 3650 muimus
1095 3590 1212 3662 Actor,

294 3728 338 3787 Te
352 3719 453 3786 Turni
464 3739 552 3782 nunc
567 3719 679 3782 dextra
693 3717 793 3805 gerit:
810 3719 849 3782 ‹la
864 3735 1010 3786 sternere
1025 3744 1164 3809 corpus,

295 3859 503 3943 Loricamque
514 3875 610 3918 manu
623 3855 726 3920 valida
741 3857 882 3923 lacerare
893 3857 1053 3922 revulsam

296 3993 445 4061 Semiviri
456 3991 613 4076 Phrygis,
630 4007 663 4058 et
676 3992 796 4059 foedare
808 3993 840 4060 in
859 3994 993 4081 pulvere
1008 3995 1113 4060 crines
