2924 4808
295 393 336 451 80
530 389 762 450 AENElDOS
796 389 939 448 LIBER
969 389 1029 448 lx.
1204 393 1277 440 un.

295 535 398 615 Ergo,
413 530 473 592 etsi
484 527 633 592 conferre
646 549 776 590 manum
791 525 898 612 pudor
911 527 1023 611 iraque
1034 541 1211 605 monstrat,

296 669 464 751 Objiciunt
481 679 590 753 portas
607 681 732 743 tamen,
751 682 783 728 et
798 679 958 752 praecepta
974 665 1150 745 facessunt,

295 808 480 892 Armatique
497 807 580 869 cavis
596 820 784 892 exspectant
800 805 942 868 turribus
958 804 1097 870 hostem.

337 1421 479 1494 Turnus,
495 1433 531 1479 ut
542 1430 617 1478 ante
629 1412 740 1478 voians
753 1411 880 1492 tardum
892 1426 1096 1496 praecesserat
1107 1431 1241 1495 agmen,

293 1554 417 1641 Viginti
431 1553 521 1616 lectis
536 1551 683 1637 equitum
698 1550 888 1625 comitatus,
906 1563 939 1611 ct
955 1549 1029 1611 urbi

294 1689 489 1778 Improvisus
501 1689 609 1764 adest;
623 1686 755 1751 maculis
767 1706 863 1770 quem
875 1685 1027 1750 Thracius
1039 1686 1118 1749 albis

294 1835 409 1893 Portet
422 1851 540 1915 equus,
556 1829 715 1911 cristaque
730 1826 810 1911 tegit
822 1820 910 1911 galea
922 1848 1017 1888 aurea
1029 1827 1139 1890 rubra.

296 1997 309 2026 α
328 1969 447 2053 Ecquis
459 1967 522 2030 erit
533 1988 676 2042 mecum,
686 1966 844 2047 juvenes?
856 1966 912 2050 qui
923 1968 1046 2053 primus
1055 1966 1092 2028 in
1105 1965 1293 2028 hostem...?
1307 1994 1319 2021 n

297 2117 361 2190 En,
380 2113 442 2185 ait3
461 2123 494 2174 ct
507 2108 647 2192 jaculum
663 2109 856 2193 intorquens
870 2109 989 2173 emittit
1004 2109 1038 2172 in
1053 2129 1163 2184 auras,

297 2231 498 2336 Principium
512 2265 647 2333 pugnae,
666 2258 698 2308 et
709 2269 824 2332 campo
837 2266 904 2310 sese
918 2247 1036 2310 arduus
1050 2247 1160 2310 infert.

298 2387 448 2450 Clamore
463 2382 626 2468 excipiunt
641 2381 737 2455 socii,
752 2379 947 2467 fremituque
960 2395 1140 2468 sequuntur

296 2524 475 2589 Horrisono
490 2546 498 2582 ε
515 2525 675 2614 Teucrum
691 2520 851 2582 mirantur
867 2520 982 2584 inertia
999 2520 1095 2584 corda
1109 2549 1116 2596 3
1132 2609 1137 2614 ι

296 2669 369 2727 Non
384 2684 476 2749 aequo
493 2661 570 2726 dare
587 2683 620 2722 se
636 2683 768 2746 campo,
787 2682 854 2722 non
871 2661 967 2726 obvia
984 2660 1070 2724 ferre

296 2809 393 2868 Arma
404 2803 511 2878 viros,
527 2800 583 2864 sed
595 2815 698 2862 castra
710 2798 833 2862 sarcre.
848 2801 919 2860 Huc
931 2797 1080 2864 turbidus
1090 2817 1189 2887 atque
1199 2803 1262 2866 hue

296 2919 423 3007 Lustrat
438 2963 523 3024 equo
538 2959 667 3012 muros,
684 2934 872 3020 aditumque
887 2955 947 3021 per
963 2937 1032 3000 avia
1044 2937 1171 3022 quaeiit.

296 3085 341 3147 Ac
358 3067 458 3144 veluti
473 3077 571 3164 pleno
588 3075 683 3161 lupus
697 3073 862 3137 insidiatus
878 3073 975 3152 ovili,

298 3225 406 3303 Quum
419 3217 529 3284 fremit
541 3214 580 3277 ad
592 3214 714 3292 caulas,
729 3229 844 3277 ventos
856 3238 1027 3308 perpessus*
1036 3232 1069 3280 ct
1080 3217 1216 3290 imbres,

299 3365 399 3422 Nocte
414 3377 511 3442 super
526 3353 649 3428 media3
666 3353 726 3415 tuti
742 3354 802 3416 sub
818 3354 974 3424 matribus
989 3355 1064 3440 agni

298 3497 441 3560 Balatum
457 3507 629 3589 exercent:
647 3491 721 3568 itte,
739 3513 833 3577 asper
848 3505 881 3555 ct
895 3494 1064 3579 improbus
1078 3495 1142 3569 ira,

300 3635 396 3698 Saevit
409 3636 443 3695 in
459 3633 623 3707 absentem
641 3628 776 3698 collecta
793 3633 905 3720 fatigat
921 3634 1038 3699 edendi

299 3781 344 3840 Ex
360 3776 460 3859 longo
474 3771 598 3850 rabies,
614 3788 647 3835 et
663 3775 753 3836 siccae
768 3775 923 3860 sanguine
936 3775 1054 3838 fauces.

298 3913 390 3979 Haud
406 3911 502 3974 aiiter
517 3910 638 3974 Rutulo
653 3935 764 3976 muros
780 3927 813 3976 et
828 3929 931 3978 castra
948 3915 1052 3978 tue-nti
1155 3935 1158 3942 ’

298 4060 472 4142 lgnescunt
486 4049 559 4123 iraet
578 4049 667 4114 duris
685 4051 781 4114 doiur
795 4052 920 4116 ossibus
935 4053 1048 4116 ardet:
