2894 4812
300 381 360 442 284
539 379 772 440 AENEIDOS
803 380 947 440 LIBER
977 381 1036 444 Xl.
1188 379 1275 428 asse.

295 513 485 614 Dardanidis
495 512 623 598 dicique
630 511 740 595 jubes,
755 535 870 589 uuum,
885 513 1006 599 optime
1017 535 1151 600 regum,

295 650 448 733 Adjicias3
466 672 527 719 nee
542 665 574 712 te
590 647 686 712 ullius
702 647 854 712 violentia
868 649 991 725 vincat,

294 790 384 872 Quin
395 806 502 853 natam
514 789 644 875 egregio
657 809 777 875 genero
789 786 957 873 dignisque
971 785 1145 870 hymenaeis

292 932 356 990 Des
368 943 471 1013 pater,
486 943 518 991 et
529 949 641 1014 pacem
652 927 734 1002 hauc
746 942 867 990 aeterno
880 926 1000 997 loedere
1011 925 1129 988 firmes.

291 1068 388 1151 Quod
399 1068 426 1131 si
438 1084 546 1170 tapsus
556 1069 654 1136 habet
665 1083 790 1132 mentes
802 1083 835 1138 es
845 1083 978 1153 pectora
991 1083 1109 1141 terror,

291 1211 399 1291 lpsum
411 1207 622 1283 obtestemur,
636 1205 827 1290 veniamque
841 1225 969 1266 oremus
979 1205 1020 1267 ab
1033 1203 1123 1290 ips03

292 1341 412 1418 Cedat,
424 1343 478 1424 jus
492 1341 660 1426 proprium
676 1341 745 1426 regi
757 1339 934 1424 patriaeque
949 1340 1102 1402 remittat.

210 1563 215 1572 Ι
292 1477 379 1560 Quid
394 1478 527 1541 miseros
542 1477 637 1541 toties
649 1478 686 1572 in
698 1493 811 1563 aperta
827 1477 969 1564 pericula
984 1478 1069 1542 cives

292 1618 442 1700 Projicis,
456 1641 476 1682 o
488 1618 577 1684 Latio
590 1633 685 1704 eaput
696 1617 812 1680 horum
825 1632 857 1679 et
869 1639 960 1696 causa
971 1617 1152 1692 malorum?

292 1755 383 1818 Nulla
398 1755 481 1819 salus
495 1754 582 1820 bello
597 1780 605 1816 ι
622 1777 733 1842 pacem
750 1769 781 1818 te
796 1754 955 1840 poscimus
972 1776 1102 1831 omues,

291 1897 419 1970 Turne,
437 1892 531 1964 simul
545 1892 632 1978 pacis
646 1892 749 1956 solum
764 1890 950 1955 inviolabile
965 1890 1095 1988 pignum

293 3217 419 3281 Primus
433 3239 494 3304 ego
506 3266 514 3297 ‚
528 3219 668 3284 invisum
684 3242 780 3306 quem
796 3236 831 3314 tu
847 3222 904 3284 ubi
919 3221 1030 3308 fingis,
1047 3235 1080 3284 et
1096 3243 1165 3284 esse

289 3356 341 3418 Nil
351 3379 474 3435 moror,
489 3380 529 3422 en
541 3357 675 3444 supplex
686 3359 800 3423 venio:
815 3359 970 3422 miserere
979 3373 1128 3433 tuorum;

289 3471 380 3558 P'one
393 3497 533 3573 anim0s3
552 3514 585 3561 et
600 3495 708 3583 pulsus
723 3496 788 3559 abi.
807 3499 864 3560 Sat
878 3495 992 3560 funera
1005 3496 1065 3558 lusi

288 3635 451 3714 Vidimus,
467 3637 615 3722 ingentes
631 3653 664 3701 et
678 3636 892 3701 desolavimus
906 3658 1011 3722 agros.

287 3780 366 3853 Aut,
380 3776 406 3840 si
417 3776 498 3840 lama
510 3791 635 3854 movet,
650 3778 815 3841 sitantum
830 3790 963 3863 pectore
975 3775 1077 3838 robur

287 3915 457 4000 Concipis,
472 3927 506 3977 et
519 3913 545 3976 si
558 3913 637 3978 adeo
652 3914 768 3980 dotalis
786 3915 873 3999 regia
888 3913 979 3977 c'ordi
994 3927 1058 3989 est,

287 4051 391 4131 dude,
406 4065 501 4134 atque
513 4049 681 4115 adversum
693 4050 794 4116 fidens
805 4050 853 4114 fer
865 4065 976 4137 pectus
986 4050 1020 4113 in
1033 4048 1169 4118 hostem.
