2908 4810
165 391 172 420 )

290 389 350 448 ΒΗ
477 388 479 393 ’
525 383 746 445 AENElDOS
778 383 918 444 LIBER
948 383 1032 444 llll.
1182 382 1304 432 ’Μ’

290 529 319 590 Ο
332 524 481 587 cohibete
492 524 573 585 irasl
588 523 688 588 ictum
696 524 762 605 jam
774 522 896 596 fredus,
914 537 946 585 et
959 543 1077 586 omnes*

288 665 482 750 Compositae
493 660 581 749 leges
595 687 602 722 ε
621 637 699 724 milii
709 662 762 743 jus
774 680 969 723 concurrere
986 659 1045 724 soli
1058 684 1066 720 ε

289 806 338 866 lle
350 804 463 880 sinite,
477 817 574 888 atque
586 801 708 864 auferte
723 815 849 863 metus:
868 783 928 886 ego
943 795 1065 862 foedera
1080 797 1154 861 faxo

290 945 395 1007 Firma
405 966 503 1006 manu
517 945 683 1008 :Turnum
690 944 757 1026 jam
772 941 895 1024 debent
911 941 978 1003 haec
990 909 1069 1004 uiihi
1083 963 1183 1004 sacra.
1203 971 1217 998 »

290 1084 352 1145 llas
366 1083 453 1145 inter
467 1102 582 1158 voces,
601 1070 705 1143 media
721 1079 807 1142 inter
823 1078 897 1142 talia
912 1065 1030 1155 verbu,
1122 1104 1128 1128 ι

289 1225 371 1286 Ecce
386 1221 457 1285 viro
470 1218 610 1283 stridens
622 1217 679 1282 alis
690 1217 808 1304 allapsa
820 1221 935 1305 sagitta
947 1233 994 1280 est
1008 1239 1016 1278 t

289 1364 452 1424 lneertum
470 1382 532 1446 qua
543 1355 635 1446 pulsa
648 1380 760 1432 manu,
777 1379 842 1443 quo
855 1335 985 1419 turbine
1001 1351 1131 1423 adacta:

290 1501 372 1582 Quis
387 1514 508 1562 tantam
522 1476 648 1562 Rutulis
659 1498 805 1576 laudem,
821 1520 969 1572 casusne,
986 1497 1126 1568 deusne,

290 1639 443 1717 Attulerit
457 1663 466 1702 ε
479 1659 586 1725 pressa
599 1653 648 1706 est
661 1638 797 1724 insignis
811 1637 913 1722 gloria
928 1637 1002 1700 lacti
1016 1661 1023 1710 3

289 1778 354 1839 Nec
368 1798 435 1838 sese
448 1778 553 1838 AEneae
560 1775 694 1859 jactavit
705 1776 840 1838 vulnere
852 1775 1035 1861 quisquam.

333 2105 477 2178 Tumm,
492 2117 529 2164 ut
539 2105 661 2166 AEnean
673 2103 843 2166 cedentem
853 2123 894 2166 ex
904 2089 1032 2187 agmine
1044 2102 1126 2169 vidit
1135 2107 1149 2175 ‚'

288 2219 510 2326 Turbatcslrue
522 2237 636 2318 duces,
650 2219 755 2325 subita
766 2261 822 2326 spe
833 2239 976 2304 fervidus
990 2240 1102 2304 ardet:
1147 2295 1151 2303 .

290 2376 399 2440 Poscit
411 2399 510 2462 equos
525 2375 621 2463 atque
637 2400 724 2441 arma
740 2377 854 2448 simul,
874 2377 1021 2462 saltuque
1039 2375 1196 2462 superbus

289 2517 452 2581 Emicatin
465 2540 616 2597 currum,
631 2535 663 2582 et
675 2517 821 2582 manibus
836 2517 968 2611 molitur
984 2516 1137 2579 habenas.

288 2648 387 2718 Multa
397 2647 503 2719 virum
515 2656 653 2750 uolitans
664 2657 719 2724 dat
730 2657 827 2728 fortia
839 2672 979 2741 corpora
990 2655 1076 2730 letc;

289 2794 471 2858 Semineces
484 2795 587 2859 volvit
603 2796 739 2872 multus,
759 2809 813 2858 aut
824 2772 950 2880 agmina
963 2817 1067 2864 curru

287 2935 447 3011 Proterit‚
466 2948 522 2996 aut
533 2951 641 3022 raptas
652 2933 851 3022 fugientibus
862 2934 981 3023 ingerit
993 2935 1109 3000 hastas.
1181 2974 1184 2981 ·

286 3071 397 3153 Qualis
412 3072 495 3158 apud
508 3073 605 3158 gelidi
617 3097 717 3160 quum
731 3075 862 3137 flumina
874 3075 1021 3138 concitus
1036 3078 1138 3166 Hebri

286 3213 489 3298 Sanguineus
501 3178 626 3276 Mauors
639 3213 755 3299 clypeo
769 3215 935 3300 increpat,
948 3231 1047 3302 atque
1060 3213 1207 3285 furentes

289 3347 377 3412 Bella
389 3371 523 3415 movens
534 3351 681 3416 immittit
692 3375 791 3438 equos
805 3353 876 3416 :illi
891 3337 1020 3440 aequure
1034 3371 1148 3440 aperto

286 3490 369 3550 Ante
384 3489 485 3552 Notos
497 3489 746 3576 Zephyrumque
757 3489 887 3563 volant;
907 3494 1006 3578 gemit
1022 3489 1134 3556 ultima
1143 3495 1242 3580 'pulsu

282 3624 403 3691 Thraca
416 3627 553 3714 pedum;
573 3631 759 3716 circumque
773 3646 848 3693 atrae
865 3611 1058 3695 Formidinis
1075 3653 1151 3706 ora,

282 3767 405 3855 lraeque
416 3812 423 3842 ,
435 3761 648 3852 'lusidiaeque,
667 3757 923 3850 dei>ccmitatus',
940 3785 1100 3856 aguntur:

281 3901 364 3966 Talis
375 3925 475 3989 equos
489 3905 594 3970 alacer
605 3909 710 3974 media
720 3911 806 3974 inter
817 3909 927 3995 praelia
937 3914 1065 3974 Turnus

280 4043 450 4105 Fumantes
467 4044 584 4108 sudore
600 4049 722 4129 quatit,
739 4048 922 4112 miserabile
940 4047 1026 4111 caesis
