<?xml version="1.0" encoding="UTF-8"?>
<!DOCTYPE html PUBLIC "-//W3C//DTD XHTML 1.0 Transitional//EN"
    "http://www.w3.org/TR/xhtml1/DTD/xhtml1-transitional.dtd">
<html xmlns="http://www.w3.org/1999/xhtml" xml:lang="en" lang="en">
 <head>
  <title>
</title>
<meta http-equiv="Content-Type" content="text/html;charset=utf-8" />
  <meta name='ocr-system' content='tesseract 3.04.00' />
  <meta name='ocr-capabilities' content='ocr_page ocr_carea ocr_par ocr_line ocrx_word'/>
</head>
<body>
  <div class='ocr_page' id='page_1' title='image "./oeuvresdedelill00tissgoog_0040.png"; bbox 0 0 2924 4808; ppageno 0'>
   <div class='ocr_carea' id='block_1_1' title="bbox 305 423 1281 489">
    <p class='ocr_par' dir='ltr' id='par_1_1' title="bbox 305 423 1281 489">
     <span class='ocr_line' id='line_1_1' title="bbox 305 423 1281 489; baseline -0.007 0"><span class='ocrx_word' id='word_1_1' title='bbox 305 430 345 489; x_wconf 74' lang='lat'>30</span> <span class='ocrx_word' id='word_1_2' title='bbox 523 423 753 488; x_wconf 83' lang='lat' dir='ltr'>AENElDOS</span> <span class='ocrx_word' id='word_1_3' title='bbox 782 425 929 485; x_wconf 81' lang='lat' dir='ltr'>LIBER</span> <span class='ocrx_word' id='word_1_4' title='bbox 957 426 1058 487; x_wconf 90' lang='lat' dir='ltr'>Vlll.</span> <span class='ocrx_word' id='word_1_5' title='bbox 1194 425 1281 470; x_wconf 49' lang='lat'>*³32-</span> 
     </span>
    </p>
   </div>
   <div class='ocr_carea' id='block_1_2' title="bbox 303 554 1196 1075">
    <p class='ocr_par' dir='ltr' id='par_1_2' title="bbox 304 554 1096 638">
     <span class='ocr_line' id='line_1_2' title="bbox 304 554 1096 638; baseline -0.001 -11"><span class='ocrx_word' id='word_1_6' title='bbox 304 565 467 638; x_wconf 81' lang='lat' dir='ltr'>Diximus3</span> <span class='ocrx_word' id='word_1_7' title='bbox 484 563 588 625; x_wconf 86' lang='lat' dir='ltr'>amisit</span> <span class='ocrx_word' id='word_1_8' title='bbox 603 582 715 624; x_wconf 82' lang='lat' dir='ltr'>verum</span> <span class='ocrx_word' id='word_1_9' title='bbox 730 575 821 624; x_wconf 83' lang='lat' dir='ltr'>vetus</span> <span class='ocrx_word' id='word_1_10' title='bbox 836 560 953 624; x_wconf 72' lang='lat' dir='ltr'>Albula</span> <span class='ocrx_word' id='word_1_11' title='bbox 964 554 1096 626; x_wconf 87' lang='lat' dir='ltr'>nomen.</span> 
     </span>
    </p>

    <p class='ocr_par' dir='ltr' id='par_1_3' title="bbox 303 703 1196 928">
     <span class='ocr_line' id='line_1_3' title="bbox 303 703 1196 793; baseline -0.002 -23"><span class='ocrx_word' id='word_1_12' title='bbox 303 713 353 770; x_wconf 90' lang='lat' dir='ltr'>Me</span> <span class='ocrx_word' id='word_1_13' title='bbox 369 706 496 793; x_wconf 90' lang='lat' dir='ltr'>pulsum</span> <span class='ocrx_word' id='word_1_14' title='bbox 510 705 631 791; x_wconf 89' lang='lat' dir='ltr'>patria,</span> <span class='ocrx_word' id='word_1_15' title='bbox 648 703 818 789; x_wconf 82' lang='lat' dir='ltr'><strong>pelagique</strong></span> <span class='ocrx_word' id='word_1_16' title='bbox 833 717 975 766; x_wconf 84' lang='lat' dir='ltr'>extrema</span> <span class='ocrx_word' id='word_1_17' title='bbox 989 719 1196 789; x_wconf 82' lang='lat' dir='ltr'>sequentem,</span> 
     </span>
     <span class='ocr_line' id='line_1_4' title="bbox 305 838 1051 928; baseline 0.001 -23"><span class='ocrx_word' id='word_1_18' title='bbox 305 846 447 906; x_wconf 83' lang='lat' dir='ltr'>Fortuna</span> <span class='ocrx_word' id='word_1_19' title='bbox 463 841 668 928; x_wconf 92' lang='lat' dir='ltr'>omnipotens</span> <span class='ocrx_word' id='word_1_20' title='bbox 683 855 716 902; x_wconf 92' lang='lat' dir='ltr'>et</span> <span class='ocrx_word' id='word_1_21' title='bbox 729 838 935 902; x_wconf 88' lang='lat' dir='ltr'>ineluctabile</span> <span class='ocrx_word' id='word_1_22' title='bbox 951 838 1051 906; x_wconf 88' lang='lat' dir='ltr'>fatum</span> 
     </span>
    </p>

    <p class='ocr_par' dir='ltr' id='par_1_4' title="bbox 305 976 1112 1075">
     <span class='ocr_line' id='line_1_5' title="bbox 305 976 1112 1075; baseline -0.001 -32"><span class='ocrx_word' id='word_1_23' title='bbox 305 981 361 1043; x_wconf 89' lang='lat' dir='ltr'>His</span> <span class='ocrx_word' id='word_1_24' title='bbox 375 1000 515 1074; x_wconf 79' lang='lat' dir='ltr'>posuere</span> <span class='ocrx_word' id='word_1_25' title='bbox 526 977 625 1055; x_wconf 88' lang='lat' dir='ltr'>locis,</span> <span class='ocrx_word' id='word_1_26' title='bbox 642 976 818 1062; x_wconf 87' lang='lat' dir='ltr'>matrisque</span> <span class='ocrx_word' id='word_1_27' title='bbox 834 997 929 1063; x_wconf 85' lang='lat' dir='ltr'>egere</span> <span class='ocrx_word' id='word_1_28' title='bbox 943 978 1112 1075; x_wconf 87' lang='lat' dir='ltr'>tremenda</span> 
     </span>
    </p>
   </div>
   <div class='ocr_carea' id='block_1_3' title="bbox 306 1114 1217 1202">
    <p class='ocr_par' dir='ltr' id='par_1_5' title="bbox 306 1114 1217 1202">
     <span class='ocr_line' id='line_1_6' title="bbox 306 1114 1217 1202; baseline -0.003 -20"><span class='ocrx_word' id='word_1_29' title='bbox 306 1117 487 1182; x_wconf 77' lang='lat' dir='ltr'>Carmentis</span> <span class='ocrx_word' id='word_1_30' title='bbox 501 1114 651 1201; x_wconf 72' lang='lat' dir='ltr'>nymphe</span> <span class='ocrx_word' id='word_1_31' title='bbox 666 1114 808 1192; x_wconf 85' lang='lat' dir='ltr'>monita,</span> <span class='ocrx_word' id='word_1_32' title='bbox 823 1129 856 1178; x_wconf 89' lang='lat' dir='ltr'>ct</span> <span class='ocrx_word' id='word_1_33' title='bbox 868 1115 947 1183; x_wconf 84' lang='lat' dir='ltr'>deus</span> <span class='ocrx_word' id='word_1_34' title='bbox 959 1130 1072 1180; x_wconf 82' lang='lat' dir='ltr'>auctor</span> <span class='ocrx_word' id='word_1_35' title='bbox 1088 1117 1217 1202; x_wconf 74' lang='lat' dir='ltr'>Apollo.</span> 
     </span>
    </p>
   </div>
   <div class='ocr_carea' id='block_1_4' title="bbox 307 1471 1254 1695">
    <p class='ocr_par' dir='ltr' id='par_1_6' title="bbox 307 1471 1254 1695">
     <span class='ocr_line' id='line_1_7' title="bbox 350 1471 1254 1557; baseline -0.002 -20"><span class='ocrx_word' id='word_1_36' title='bbox 350 1474 411 1538; x_wconf 85' lang='lat' dir='ltr'>Vix</span> <span class='ocrx_word' id='word_1_37' title='bbox 423 1495 459 1536; x_wconf 91' lang='lat' dir='ltr'>ea</span> <span class='ocrx_word' id='word_1_38' title='bbox 473 1472 579 1548; x_wconf 88' lang='lat' dir='ltr'>dicta;</span> <span class='ocrx_word' id='word_1_39' title='bbox 596 1471 714 1536; x_wconf 90' lang='lat' dir='ltr'>dehinc</span> <span class='ocrx_word' id='word_1_40' title='bbox 727 1491 916 1557; x_wconf 80' lang='lat' dir='ltr'>progressus</span> <span class='ocrx_word' id='word_1_41' title='bbox 930 1487 1089 1538; x_wconf 88' lang='lat' dir='ltr'>monstrat</span> <span class='ocrx_word' id='word_1_42' title='bbox 1104 1487 1137 1536; x_wconf 89' lang='lat' dir='ltr'>et</span> <span class='ocrx_word' id='word_1_43' title='bbox 1150 1493 1254 1549; x_wconf 78' lang='lat' dir='ltr'>arant,</span> 
     </span>
     <span class='ocr_line' id='line_1_8' title="bbox 307 1609 1053 1695; baseline -0.004 -20"><span class='ocrx_word' id='word_1_44' title='bbox 307 1615 348 1675; x_wconf 86' lang='lat' dir='ltr'>Et</span> <span class='ocrx_word' id='word_1_45' title='bbox 362 1611 600 1674; x_wconf 73' lang='lat' dir='ltr'>Carmentalem</span> <span class='ocrx_word' id='word_1_46' title='bbox 616 1613 762 1673; x_wconf 89' lang='lat' dir='ltr'>Romano</span> <span class='ocrx_word' id='word_1_47' title='bbox 777 1609 909 1673; x_wconf 89' lang='lat' dir='ltr'>nomine</span> <span class='ocrx_word' id='word_1_48' title='bbox 925 1624 1053 1695; x_wconf 89' lang='lat' dir='ltr'>portam</span> 
     </span>
    </p>
   </div>
   <div class='ocr_carea' id='block_1_5' title="bbox 307 1729 1312 2663">
    <p class='ocr_par' dir='ltr' id='par_1_7' title="bbox 307 1729 1312 1967">
     <span class='ocr_line' id='line_1_9' title="bbox 309 1729 1312 1830; baseline -0.002 -22"><span class='ocrx_word' id='word_1_49' title='bbox 309 1751 414 1830; x_wconf 87' lang='lat' dir='ltr'>Quam</span> <span class='ocrx_word' id='word_1_50' title='bbox 427 1760 621 1822; x_wconf 89' lang='lat' dir='ltr'>memorant,</span> <span class='ocrx_word' id='word_1_51' title='bbox 634 1729 785 1830; x_wconf 67' lang='lat' dir='ltr'>nymphae</span> <span class='ocrx_word' id='word_1_52' title='bbox 796 1744 936 1830; x_wconf 89' lang='lat' dir='ltr'>priscum</span> <span class='ocrx_word' id='word_1_53' title='bbox 949 1741 1129 1806; x_wconf 80' lang='lat' dir='ltr'>Carmentis</span> <span class='ocrx_word' id='word_1_54' title='bbox 1140 1743 1297 1808; x_wconf 89' lang='lat' dir='ltr'>honorem</span> <span class='ocrx_word' id='word_1_55' title='bbox 1304 1791 1312 1821; x_wconf 88' lang='lat'>‚</span> 
     </span>
     <span class='ocr_line' id='line_1_10' title="bbox 307 1863 1043 1967; baseline -0.005 -19"><span class='ocrx_word' id='word_1_56' title='bbox 307 1885 396 1948; x_wconf 87' lang='lat' dir='ltr'>Vatis</span> <span class='ocrx_word' id='word_1_57' title='bbox 411 1883 565 1959; x_wconf 87' lang='lat' dir='ltr'>fatidicae,</span> <span class='ocrx_word' id='word_1_58' title='bbox 583 1882 701 1946; x_wconf 87' lang='lat' dir='ltr'>cecinit</span> <span class='ocrx_word' id='word_1_59' title='bbox 715 1904 787 1966; x_wconf 83' lang='lat' dir='ltr'>quae</span> <span class='ocrx_word' id='word_1_60' title='bbox 799 1881 903 1967; x_wconf 88' lang='lat' dir='ltr'>prima</span> <span class='ocrx_word' id='word_1_61' title='bbox 917 1863 1043 1946; x_wconf 83' lang='lat' dir='ltr'>futuros</span> 
     </span>
    </p>

    <p class='ocr_par' dir='ltr' id='par_1_8' title="bbox 308 2017 1032 2105">
     <span class='ocr_line' id='line_1_11' title="bbox 308 2017 1032 2105; baseline -0.001 -24"><span class='ocrx_word' id='word_1_62' title='bbox 308 2019 462 2082; x_wconf 89' lang='lat' dir='ltr'>AEneadas</span> <span class='ocrx_word' id='word_1_63' title='bbox 477 2040 611 2105; x_wconf 84' lang='lat' dir='ltr'>rneguos</span> <span class='ocrx_word' id='word_1_64' title='bbox 619 2065 628 2095; x_wconf 93' lang='lat'>,</span> <span class='ocrx_word' id='word_1_65' title='bbox 646 2032 678 2080; x_wconf 92' lang='lat' dir='ltr'>et</span> <span class='ocrx_word' id='word_1_66' title='bbox 692 2018 803 2082; x_wconf 88' lang='lat' dir='ltr'>nobile</span> <span class='ocrx_word' id='word_1_67' title='bbox 818 2017 1032 2083; x_wconf 69' lang='lat' dir='ltr'>Pallanteum.</span> 
     </span>
    </p>

    <p class='ocr_par' dir='ltr' id='par_1_9' title="bbox 308 2155 1224 2525">
     <span class='ocr_line' id='line_1_12' title="bbox 309 2155 1224 2242; baseline 0 -22"><span class='ocrx_word' id='word_1_68' title='bbox 309 2160 391 2222; x_wconf 89' lang='lat' dir='ltr'>Hinc</span> <span class='ocrx_word' id='word_1_69' title='bbox 407 2157 517 2220; x_wconf 88' lang='lat' dir='ltr'>lucum</span> <span class='ocrx_word' id='word_1_70' title='bbox 532 2157 715 2241; x_wconf 84' lang='lat' dir='ltr'>ingentem,</span> <span class='ocrx_word' id='word_1_71' title='bbox 733 2179 830 2242; x_wconf 90' lang='lat' dir='ltr'>quem</span> <span class='ocrx_word' id='word_1_72' title='bbox 844 2156 999 2220; x_wconf 85' lang='lat' dir='ltr'>Romulus</span> <span class='ocrx_word' id='word_1_73' title='bbox 1014 2177 1087 2219; x_wconf 91' lang='lat' dir='ltr'>acer</span> <span class='ocrx_word' id='word_1_74' title='bbox 1101 2155 1224 2242; x_wconf 82' lang='lat' dir='ltr'>asylum</span> 
     </span>
     <span class='ocr_line' id='line_1_13' title="bbox 308 2298 1155 2388; baseline -0.001 -24"><span class='ocrx_word' id='word_1_75' title='bbox 308 2299 450 2373; x_wconf 82' lang='lat' dir='ltr'>Retulit3</span> <span class='ocrx_word' id='word_1_76' title='bbox 468 2314 501 2361; x_wconf 91' lang='lat' dir='ltr'>et</span> <span class='ocrx_word' id='word_1_77' title='bbox 516 2298 620 2384; x_wconf 85' lang='lat' dir='ltr'>gelida</span> <span class='ocrx_word' id='word_1_78' title='bbox 634 2314 795 2363; x_wconf 90' lang='lat' dir='ltr'>monstrat</span> <span class='ocrx_word' id='word_1_79' title='bbox 810 2302 870 2363; x_wconf 91' lang='lat' dir='ltr'>sub</span> <span class='ocrx_word' id='word_1_80' title='bbox 885 2321 966 2388; x_wconf 88' lang='lat' dir='ltr'>rupe</span> <span class='ocrx_word' id='word_1_81' title='bbox 981 2301 1155 2388; x_wconf 91' lang='lat' dir='ltr'>Lupercal,</span> 
     </span>
     <span class='ocr_line' id='line_1_14' title="bbox 308 2438 1026 2525; baseline -0.004 -22"><span class='ocrx_word' id='word_1_82' title='bbox 308 2439 477 2505; x_wconf 85' lang='lat' dir='ltr'>Parrhasio</span> <span class='ocrx_word' id='word_1_83' title='bbox 492 2438 615 2502; x_wconf 89' lang='lat' dir='ltr'>dictum</span> <span class='ocrx_word' id='word_1_84' title='bbox 631 2444 738 2503; x_wconf 89' lang='lat' dir='ltr'>Panos</span> <span class='ocrx_word' id='word_1_85' title='bbox 751 2438 792 2502; x_wconf 90' lang='lat' dir='ltr'>dc</span> <span class='ocrx_word' id='word_1_86' title='bbox 807 2461 898 2502; x_wconf 91' lang='lat' dir='ltr'>more</span> <span class='ocrx_word' id='word_1_87' title='bbox 913 2439 1026 2525; x_wconf 84' lang='lat' dir='ltr'>Lycaei.</span> 
     </span>
    </p>

    <p class='ocr_par' dir='ltr' id='par_1_10' title="bbox 309 2575 1070 2663">
     <span class='ocr_line' id='line_1_15' title="bbox 309 2575 1070 2663; baseline 0.001 -24"><span class='ocrx_word' id='word_1_88' title='bbox 309 2581 456 2640; x_wconf 88' lang='lat' dir='ltr'>Necnon</span> <span class='ocrx_word' id='word_1_89' title='bbox 472 2591 505 2640; x_wconf 90' lang='lat' dir='ltr'>et</span> <span class='ocrx_word' id='word_1_90' title='bbox 520 2577 600 2640; x_wconf 89' lang='lat' dir='ltr'>sacri</span> <span class='ocrx_word' id='word_1_91' title='bbox 615 2591 774 2644; x_wconf 85' lang='lat' dir='ltr'>monstrat</span> <span class='ocrx_word' id='word_1_92' title='bbox 788 2599 901 2644; x_wconf 86' lang='lat' dir='ltr'>nemus</span> <span class='ocrx_word' id='word_1_93' title='bbox 916 2575 1070 2663; x_wconf 78' lang='lat' dir='ltr'>Argileti,</span> 
     </span>
    </p>
   </div>
   <div class='ocr_carea' id='block_1_6' title="bbox 308 2714 1191 2801">
    <p class='ocr_par' dir='ltr' id='par_1_11' title="bbox 308 2714 1191 2801">
     <span class='ocr_line' id='line_1_16' title="bbox 308 2714 1191 2801; baseline -0.002 -21"><span class='ocrx_word' id='word_1_94' title='bbox 308 2721 517 2800; x_wconf 88' lang='lat' dir='ltr'>Testaturquc</span> <span class='ocrx_word' id='word_1_95' title='bbox 533 2714 660 2791; x_wconf 88' lang='lat' dir='ltr'>locum,</span> <span class='ocrx_word' id='word_1_96' title='bbox 680 2731 713 2778; x_wconf 89' lang='lat' dir='ltr'>et</span> <span class='ocrx_word' id='word_1_97' title='bbox 728 2715 829 2778; x_wconf 86' lang='lat' dir='ltr'>letum</span> <span class='ocrx_word' id='word_1_98' title='bbox 843 2715 939 2780; x_wconf 87' lang='lat' dir='ltr'>docet</span> <span class='ocrx_word' id='word_1_99' title='bbox 953 2715 1089 2801; x_wconf 85' lang='lat' dir='ltr'>hospitis</span> <span class='ocrx_word' id='word_1_100' title='bbox 1101 2717 1191 2801; x_wconf 74' lang='lat' dir='ltr'>Argi.</span> 
     </span>
    </p>
   </div>
   <div class='ocr_carea' id='block_1_7' title="bbox 304 3097 1175 3604">
    <p class='ocr_par' dir='ltr' id='par_1_12' title="bbox 304 3097 1119 3470">
     <span class='ocr_line' id='line_1_17' title="bbox 307 3097 1088 3188; baseline 0.009 -29"><span class='ocrx_word' id='word_1_101' title='bbox 307 3097 390 3161; x_wconf 91' lang='lat' dir='ltr'>Hinc</span> <span class='ocrx_word' id='word_1_102' title='bbox 405 3097 445 3160; x_wconf 92' lang='lat' dir='ltr'>ad</span> <span class='ocrx_word' id='word_1_103' title='bbox 460 3100 627 3186; x_wconf 85' lang='lat' dir='ltr'>Tarpeiam</span> <span class='ocrx_word' id='word_1_104' title='bbox 642 3100 750 3164; x_wconf 89' lang='lat' dir='ltr'>sedem</span> <span class='ocrx_word' id='word_1_105' title='bbox 766 3117 798 3164; x_wconf 91' lang='lat' dir='ltr'>et</span> <span class='ocrx_word' id='word_1_106' title='bbox 813 3102 970 3188; x_wconf 87' lang='lat' dir='ltr'>Capitolia</span> <span class='ocrx_word' id='word_1_107' title='bbox 985 3103 1088 3180; x_wconf 90' lang='lat' dir='ltr'>ducit,</span> 
     </span>
     <span class='ocr_line' id='line_1_18' title="bbox 306 3237 1119 3328; baseline 0.009 -29"><span class='ocrx_word' id='word_1_108' title='bbox 306 3238 410 3300; x_wconf 74' lang='lat' dir='ltr'>Aurea</span> <span class='ocrx_word' id='word_1_109' title='bbox 423 3259 532 3315; x_wconf 89' lang='lat' dir='ltr'>nunc,</span> <span class='ocrx_word' id='word_1_110' title='bbox 551 3237 628 3301; x_wconf 89' lang='lat' dir='ltr'>olim</span> <span class='ocrx_word' id='word_1_111' title='bbox 645 3238 844 3304; x_wconf 85' lang='lat' dir='ltr'>silvestribus</span> <span class='ocrx_word' id='word_1_112' title='bbox 859 3241 990 3328; x_wconf 85' lang='lat' dir='ltr'>horrida</span> <span class='ocrx_word' id='word_1_113' title='bbox 1004 3241 1119 3309; x_wconf 88' lang='lat' dir='ltr'>dumis.</span> 
     </span>
     <span class='ocr_line' id='line_1_19' title="bbox 304 3375 1055 3470; baseline 0.019 -36"><span class='ocrx_word' id='word_1_114' title='bbox 304 3376 375 3440; x_wconf 85' lang='lat' dir='ltr'>Jam</span> <span class='ocrx_word' id='word_1_115' title='bbox 391 3389 459 3437; x_wconf 88' lang='lat' dir='ltr'>tum</span> <span class='ocrx_word' id='word_1_116' title='bbox 468 3375 589 3470; x_wconf 58' lang='lat' dir='ltr'>⁸religio</span> <span class='ocrx_word' id='word_1_117' title='bbox 606 3375 739 3461; x_wconf 70' lang='lat' dir='ltr'>pavidos</span> <span class='ocrx_word' id='word_1_118' title='bbox 754 3379 898 3442; x_wconf 89' lang='lat' dir='ltr'>terrebat</span> <span class='ocrx_word' id='word_1_119' title='bbox 914 3393 1055 3464; x_wconf 81' lang='lat' dir='ltr'>agrestes</span> 
     </span>
    </p>

    <p class='ocr_par' dir='ltr' id='par_1_13' title="bbox 306 3509 1175 3604">
     <span class='ocr_line' id='line_1_20' title="bbox 306 3509 1175 3604; baseline 0.009 -32"><span class='ocrx_word' id='word_1_120' title='bbox 306 3509 384 3572; x_wconf 89' lang='lat' dir='ltr'>Dira</span> <span class='ocrx_word' id='word_1_121' title='bbox 399 3511 483 3588; x_wconf 90' lang='lat' dir='ltr'>loci;</span> <span class='ocrx_word' id='word_1_122' title='bbox 498 3517 563 3596; x_wconf 87' lang='lat' dir='ltr'>jam</span> <span class='ocrx_word' id='word_1_123' title='bbox 580 3529 650 3579; x_wconf 90' lang='lat' dir='ltr'>tum</span> <span class='ocrx_word' id='word_1_124' title='bbox 667 3515 778 3580; x_wconf 82' lang='lat' dir='ltr'>silvam</span> <span class='ocrx_word' id='word_1_125' title='bbox 794 3539 967 3604; x_wconf 87' lang='lat' dir='ltr'>saxumque</span> <span class='ocrx_word' id='word_1_126' title='bbox 982 3517 1175 3582; x_wconf 88' lang='lat' dir='ltr'>tremebant.</span> 
     </span>
    </p>
   </div>
   <div class='ocr_carea' id='block_1_8' title="bbox 305 3649 1221 3741">
    <p class='ocr_par' dir='ltr' id='par_1_14' title="bbox 305 3649 1221 3741">
     <span class='ocr_line' id='line_1_21' title="bbox 305 3649 1221 3741; baseline 0.014 -33"><span class='ocrx_word' id='word_1_127' title='bbox 305 3649 375 3710; x_wconf 88' lang='lat' dir='ltr'>lloe</span> <span class='ocrx_word' id='word_1_128' title='bbox 391 3670 520 3727; x_wconf 88' lang='lat' dir='ltr'>nemus,</span> <span class='ocrx_word' id='word_1_129' title='bbox 537 3651 640 3733; x_wconf 87' lang='lat' dir='ltr'>hunc,</span> <span class='ocrx_word' id='word_1_130' title='bbox 658 3656 785 3741; x_wconf 85' lang='lat' dir='ltr'>inquit,</span> <span class='ocrx_word' id='word_1_131' title='bbox 801 3657 956 3722; x_wconf 88' lang='lat' dir='ltr'>frondoso</span> <span class='ocrx_word' id='word_1_132' title='bbox 970 3657 1090 3721; x_wconf 81' lang='lat' dir='ltr'>vertice</span> <span class='ocrx_word' id='word_1_133' title='bbox 1105 3656 1221 3721; x_wconf 91' lang='lat' dir='ltr'>collem</span> 
     </span>
    </p>
   </div>
   <div class='ocr_carea' id='block_1_9' title="bbox 305 3784 1307 3883">
    <p class='ocr_par' dir='ltr' id='par_1_15' title="bbox 305 3784 1307 3883">
     <span class='ocr_line' id='line_1_22' title="bbox 305 3784 1307 3883; baseline 0.014 -36"><span class='ocrx_word' id='word_1_134' title='bbox 305 3784 406 3869; x_wconf 86' lang='lat' dir='ltr'>(Quis</span> <span class='ocrx_word' id='word_1_135' title='bbox 419 3786 517 3865; x_wconf 92' lang='lat' dir='ltr'>deus,</span> <span class='ocrx_word' id='word_1_136' title='bbox 532 3788 693 3857; x_wconf 91' lang='lat' dir='ltr'>incertum</span> <span class='ocrx_word' id='word_1_137' title='bbox 705 3797 788 3883; x_wconf 83' lang='lat' dir='ltr'>est),</span> <span class='ocrx_word' id='word_1_138' title='bbox 804 3797 928 3860; x_wconf 89' lang='lat' dir='ltr'>habitat</span> <span class='ocrx_word' id='word_1_139' title='bbox 939 3795 1037 3859; x_wconf 83' lang='lat' dir='ltr'>deus:</span> <span class='ocrx_word' id='word_1_140' title='bbox 1051 3794 1189 3860; x_wconf 71' lang='lat' dir='ltr'>Arcades</span> <span class='ocrx_word' id='word_1_141' title='bbox 1201 3796 1307 3883; x_wconf 90' lang='lat' dir='ltr'>ipsum</span> 
     </span>
    </p>
   </div>
   <div class='ocr_carea' id='block_1_10' title="bbox 304 3925 1194 4021">
    <p class='ocr_par' dir='ltr' id='par_1_16' title="bbox 304 3925 1194 4021">
     <span class='ocr_line' id='line_1_23' title="bbox 304 3925 1194 4021; baseline 0.016 -35"><span class='ocrx_word' id='word_1_142' title='bbox 304 3925 455 3992; x_wconf 91' lang='lat' dir='ltr'>Credunt</span> <span class='ocrx_word' id='word_1_143' title='bbox 469 3949 502 3991; x_wconf 92' lang='lat' dir='ltr'>se</span> <span class='ocrx_word' id='word_1_144' title='bbox 517 3927 633 3993; x_wconf 83' lang='lat' dir='ltr'>vidisse</span> <span class='ocrx_word' id='word_1_145' title='bbox 647 3937 782 4011; x_wconf 76' lang='lat' dir='ltr'>lovem,</span> <span class='ocrx_word' id='word_1_146' title='bbox 800 3953 899 4018; x_wconf 87' lang='lat' dir='ltr'>quum</span> <span class='ocrx_word' id='word_1_147' title='bbox 913 3958 995 4021; x_wconf 83' lang='lat' dir='ltr'>saepe</span> <span class='ocrx_word' id='word_1_148' title='bbox 1011 3936 1194 4021; x_wconf 79' lang='lat' dir='ltr'>nigrantem</span> 
     </span>
    </p>
   </div>
   <div class='ocr_carea' id='block_1_11' title="bbox 303 4065 1105 4159">
    <p class='ocr_par' dir='ltr' id='par_1_17' title="bbox 303 4065 1105 4159">
     <span class='ocr_line' id='line_1_24' title="bbox 303 4065 1105 4159; baseline 0.009 -31"><span class='ocrx_word' id='word_1_149' title='bbox 303 4065 414 4152; x_wconf 80' lang='lat' dir='ltr'>AEgida</span> <span class='ocrx_word' id='word_1_150' title='bbox 430 4081 618 4131; x_wconf 86' lang='lat' dir='ltr'>concuteret</span> <span class='ocrx_word' id='word_1_151' title='bbox 635 4069 766 4147; x_wconf 85' lang='lat' dir='ltr'>dextra,</span> <span class='ocrx_word' id='word_1_152' title='bbox 785 4071 979 4159; x_wconf 88' lang='lat' dir='ltr'>nimbosque</span> <span class='ocrx_word' id='word_1_153' title='bbox 994 4074 1105 4138; x_wconf 87' lang='lat' dir='ltr'>cieret.</span> 
     </span>
    </p>
   </div>
   <div class='ocr_carea' id='block_1_12' title="bbox 0 0 1468 4808">
    <p class='ocr_par' dir='ltr' id='par_1_18' title="bbox 0 0 1468 4808">
     <span class='ocr_line' id='line_1_25' title="bbox 0 0 1468 4808; baseline 0 0"><span class='ocrx_word' id='word_1_154' title='bbox 0 0 1468 4808; x_wconf 95' lang='lat' dir='ltr'> </span> 
     </span>
    </p>
   </div>
  </div>
 </body>
</html>
