2894 4812
326 359 388 420 272
566 354 793 420 AENEIDOS
825 355 964 416 LIBER
994 352 1056 416 x1.
1212 366 1295 406 mu.

314 539 320 552 ·
362 500 435 559 Jam
448 514 526 560 vero
543 493 578 557 in
594 493 688 557 tectis
702 492 878 579 predivitis
894 494 976 557 urbe
987 487 1113 558 Latinil

317 633 502 720 Praecipuus
511 632 637 718 fragor,
662 646 695 694 et
709 628 799 716 longi
813 653 888 717 pars
903 631 1038 694 maxima
1051 631 1177 696 luctus}

318 774 378 836 Hic
389 786 507 835 matres
523 769 711 855 miseraeque
722 792 838 848 nurus,
854 769 907 833 hic
922 791 995 834 cara
1008 789 1158 834 sororum

317 919 454 978 Pectora
468 925 680 986 moerentum,
697 889 855 995 puerique
866 907 1054 994 parentibus
1068 908 1157 985 orbi,

315 1055 432 1119 Dirum
447 1064 654 1116 exsecrantur
668 1047 808 1123 bellum,
825 1046 991 1131 Turnique
1006 1043 1207 1132 hymenaeon

316 1196 424 1276 Ipsum
438 1186 552 1268 armis,
568 1187 738 1273 ipsumque
746 1184 865 1267 jubent
880 1182 1056 1248 decernere
1067 1182 1175 1259 ferro,

317 1327 383 1410 Qui
395 1347 532 1413 reguum
547 1322 646 1388 Italiae
658 1337 691 1386 et
702 1321 825 1407 primos
841 1319 901 1384 sibi
915 1333 1028 1406 poseat
1042 1318 1194 1384 honores.

314 1470 466 1552 Ingravat
480 1464 548 1528 hee
562 1465 664 1527 saevus
679 1465 843 1538 Drances,
862 1459 1031 1546 solumque
1048 1459 1156 1522 vocari

314 1611 474 1682 Testatur,
487 1603 591 1668 solum
603 1603 692 1689 posci
705 1605 740 1667 in
755 1601 931 1666 certamina
944 1603 1100 1664 Turnum.

314 1741 415 1805 Multa
428 1741 523 1804 simul
534 1756 649 1806 contra
663 1740 758 1820 variis
772 1741 931 1804 sententia
943 1739 1037 1803 dictis

314 1884 380 1942 Pro
394 1883 523 1956 Turn0‚
542 1892 575 1941 et
589 1900 741 1964 magnum
754 1878 874 1963 reginae
885 1899 1006 1941 nomen
1019 1877 1211 1940 obumbrat:

315 2015 415 2079 Multa
427 2016 532 2079 virum
544 2015 667 2079 meritis
681 2031 840 2079 sustentat
854 2015 936 2078 fama
949 2015 1088 2102 tropaeis.

249 2330 252 2334 ·
358 2301 425 2360 llos
434 2297 521 2361 iuter
532 2311 657 2374 motus,
672 2294 778 2360 medio
793 2295 828 2359 in
839 2295 996 2382 flagrante
1008 2295 1167 2374 tumultu,

314 2436 394 2497 Ecce
410 2456 507 2521 super
522 2433 627 2498 moesti
640 2449 755 2520 magna
766 2432 932 2496 Diomedis
943 2434 984 2496 ab
999 2435 1081 2498 urbe

312 2575 422 2660 Legati
436 2593 590 2662 responsa
604 2573 733 2636 ferunt:
747 2569 829 2633 nihil
845 2569 996 2634 omnibus
1010 2586 1118 2634 actum

310 2717 488 2776 Tantorum
503 2710 657 2797 impensis
672 2731 825 2796 opernm3
844 2706 891 2770 nil
907 2705 1010 2786 dona,
1028 2732 1135 2795 neque
1151 2732 1279 2788 aurum,

311 2852 376 2913 Nee
391 2841 521 2934 magnae
537 2847 671 2914 valuisse
686 2869 816 2934 preces;
835 2846 896 2910 alia
911 2869 999 2910 arma
1015 2849 1134 2913 Latinis

312 2987 513 3072 Quaerenda,
531 3001 587 3050 ant
600 3007 714 3073 pacem
728 2987 868 3070 Trojano
882 2985 924 3050 ab
938 2974 1016 3072 rege
1030 2987 1215 3072 petendam.

311 3127 428 3192 Deficit
441 3125 569 3213 ingenti
584 3125 675 3188 luctu
691 3148 749 3189 rex
762 3125 830 3212 ipse
845 3125 988 3190 Latinus.

310 3266 450 3329 Fatalem
464 3269 586 3328 AEnean
602 3261 772 3327 manifesto
788 3263 922 3326 numine
936 3261 1014 3327 ferri

310 3405 472 3472 Admonet
484 3405 533 3469 ira
547 3404 663 3482 deum,
680 3401 859 3486 tumulique
875 3415 951 3497 ante
967 3423 1024 3464 ora
1039 3418 1197 3465 recentes.

310 3546 396 3628 Ergo
412 3541 581 3608 comitium
598 3564 750 3628 magnum
765 3540 953 3627 primosque
968 3564 1101 3607 suorum

309 3680 450 3766 Imperio
464 3679 582 3742 accitos
595 3681 658 3743 alta
673 3682 759 3743 intra
773 3679 885 3744 limina
899 3673 1000 3768 c'ogit.
1102 3673 1104 3683 ’

309 3819 378 3883 Olli
392 3840 592 3897 convenere,
611 3807 835 3907 fluuntque'ad
851 3822 940 3908 regia
954 3823 1062 3908 plenis

307 3961 404 4022 Tecta
419 3958 490 4023 viis.
511 3958 609 4022 Sedet
623 3961 657 4024 in
675 3962 807 4040 mediis,
826 3976 860 4023 et
874 3961 1030 4026 maximus
1045 3983 1133 4037 aevo,
