<?xml version="1.0" encoding="UTF-8"?>
<!DOCTYPE html PUBLIC "-//W3C//DTD XHTML 1.0 Transitional//EN"
    "http://www.w3.org/TR/xhtml1/DTD/xhtml1-transitional.dtd">
<html xmlns="http://www.w3.org/1999/xhtml" xml:lang="en" lang="en">
 <head>
  <title>
</title>
<meta http-equiv="Content-Type" content="text/html;charset=utf-8" />
  <meta name='ocr-system' content='tesseract 3.04.00' />
  <meta name='ocr-capabilities' content='ocr_page ocr_carea ocr_par ocr_line ocrx_word'/>
</head>
<body>
  <div class='ocr_page' id='page_1' title='image "./oeuvresdedelill00tissgoog_0044.png"; bbox 0 0 2924 4808; ppageno 0'>
   <div class='ocr_carea' id='block_1_1' title="bbox 290 386 1278 458">
    <p class='ocr_par' dir='ltr' id='par_1_1' title="bbox 290 386 1278 458">
     <span class='ocr_line' id='line_1_1' title="bbox 290 386 1278 458; baseline -0.015 -2"><span class='ocrx_word' id='word_1_1' title='bbox 290 393 331 458; x_wconf 62' lang='lat' dir='ltr'><strong>{ll</strong></span> <span class='ocrx_word' id='word_1_2' title='bbox 512 387 911 458; x_wconf 77' lang='lat' dir='ltr'><strong>AENEIDOSttBER</strong></span> <span class='ocrx_word' id='word_1_3' title='bbox 944 389 1049 452; x_wconf 80' lang='lat' dir='ltr'><strong>vltl.</strong></span> <span class='ocrx_word' id='word_1_4' title='bbox 1189 386 1278 434; x_wconf 54' lang='lat' dir='ltr'><strong>east.</strong></span> 
     </span>
    </p>
   </div>
   <div class='ocr_carea' id='block_1_2' title="bbox 243 524 1277 2834">
    <p class='ocr_par' dir='ltr' id='par_1_2' title="bbox 288 524 1075 612">
     <span class='ocr_line' id='line_1_2' title="bbox 288 524 1075 612; baseline -0.005 -20"><span class='ocrx_word' id='word_1_5' title='bbox 288 534 358 592; x_wconf 81' lang='lat' dir='ltr'><strong>Nox</strong></span> <span class='ocrx_word' id='word_1_6' title='bbox 368 528 450 604; x_wconf 88' lang='lat' dir='ltr'><strong>ruit,</strong></span> <span class='ocrx_word' id='word_1_7' title='bbox 465 542 498 590; x_wconf 86' lang='lat' dir='ltr'><strong>st</strong></span> <span class='ocrx_word' id='word_1_8' title='bbox 513 524 609 590; x_wconf 83' lang='lat' dir='ltr'><strong>fuscis</strong></span> <span class='ocrx_word' id='word_1_9' title='bbox 624 524 776 590; x_wconf 85' lang='lat' dir='ltr'><strong>tellurem</strong></span> <span class='ocrx_word' id='word_1_10' title='bbox 787 525 993 612; x_wconf 82' lang='lat' dir='ltr'><strong>amplectitur</strong></span> <span class='ocrx_word' id='word_1_11' title='bbox 1007 526 1075 590; x_wconf 90' lang='lat' dir='ltr'><strong>alis.</strong></span> 
     </span>
    </p>

    <p class='ocr_par' dir='ltr' id='par_1_3' title="bbox 243 647 1277 2834">
     <span class='ocr_line' id='line_1_3' title="bbox 333 647 1253 750; baseline 0 -19"><span class='ocrx_word' id='word_1_12' title='bbox 333 674 374 731; x_wconf 78' lang='lat' dir='ltr'><strong>At</strong></span> <span class='ocrx_word' id='word_1_13' title='bbox 388 671 496 731; x_wconf 88' lang='lat' dir='ltr'><strong>Venus</strong></span> <span class='ocrx_word' id='word_1_14' title='bbox 506 665 593 728; x_wconf 88' lang='lat' dir='ltr'><strong>haud</strong></span> <span class='ocrx_word' id='word_1_15' title='bbox 608 663 718 727; x_wconf 86' lang='lat' dir='ltr'><strong>animo</strong></span> <span class='ocrx_word' id='word_1_16' title='bbox 732 664 952 750; x_wconf 81' lang='lat' dir='ltr'><strong>nequidquam</strong></span> <span class='ocrx_word' id='word_1_17' title='bbox 961 647 1124 729; x_wconf 73' lang='lat' dir='ltr'><strong>vexterrita</strong></span> <span class='ocrx_word' id='word_1_18' title='bbox 1138 681 1253 741; x_wconf 79' lang='lat' dir='ltr'><strong>mater,</strong></span> 
     </span>
     <span class='ocr_line' id='line_1_4' title="bbox 287 801 1196 891; baseline -0.004 -22"><span class='ocrx_word' id='word_1_19' title='bbox 287 811 549 891; x_wconf 76' lang='lat' dir='ltr'><strong>Laurentumque</strong></span> <span class='ocrx_word' id='word_1_20' title='bbox 563 802 658 866; x_wconf 90' lang='lat' dir='ltr'><strong>minis</strong></span> <span class='ocrx_word' id='word_1_21' title='bbox 674 818 706 866; x_wconf 89' lang='lat' dir='ltr'><strong>et</strong></span> <span class='ocrx_word' id='word_1_22' title='bbox 716 801 805 866; x_wconf 88' lang='lat' dir='ltr'><strong>duro</strong></span> <span class='ocrx_word' id='word_1_23' title='bbox 818 819 905 867; x_wconf 89' lang='lat' dir='ltr'><strong>mota</strong></span> <span class='ocrx_word' id='word_1_24' title='bbox 916 803 1075 880; x_wconf 76' lang='lat' dir='ltr'><strong>tumultu,</strong></span> <span class='ocrx_word' id='word_1_25' title='bbox 1124 837 1126 842; x_wconf 96' lang='lat'>·</span> <span class='ocrx_word' id='word_1_26' title='bbox 1194 833 1196 840; x_wconf 39' lang='lat' dir='ltr'>v</span> 
     </span>
     <span class='ocr_line' id='line_1_5' title="bbox 243 941 1244 1029; baseline -0.005 -20"><span class='ocrx_word' id='word_1_27' title='bbox 243 957 247 962; x_wconf 84' lang='lat'>&#39;</span> <span class='ocrx_word' id='word_1_28' title='bbox 286 945 466 1009; x_wconf 88' lang='lat' dir='ltr'><strong>Vulcanum</strong></span> <span class='ocrx_word' id='word_1_29' title='bbox 480 941 670 1029; x_wconf 79' lang='lat' dir='ltr'><strong>alloquitur,</strong></span> <span class='ocrx_word' id='word_1_30' title='bbox 688 941 895 1029; x_wconf 86' lang='lat' dir='ltr'><strong>thalamoque</strong></span> <span class='ocrx_word' id='word_1_31' title='bbox 909 942 975 1006; x_wconf 86' lang='lat' dir='ltr'><strong>haec</strong></span> <span class='ocrx_word' id='word_1_32' title='bbox 987 941 1134 1028; x_wconf 84' lang='lat' dir='ltr'><strong>conjugis</strong></span> <span class='ocrx_word' id='word_1_33' title='bbox 1145 963 1244 1012; x_wconf 90' lang='lat' dir='ltr'><strong>aureo</strong></span> 
     </span>
     <span class='ocr_line' id='line_1_6' title="bbox 285 1053 1074 1168; baseline 0 -24"><span class='ocrx_word' id='word_1_34' title='bbox 285 1081 403 1168; x_wconf 85' lang='lat' dir='ltr'><strong>Incipit</strong></span> <span class='ocrx_word' id='word_1_35' title='bbox 414 1053 426 1157; x_wconf 14' lang='grc' dir='ltr'><strong>,ἡ</strong></span> <span class='ocrx_word' id='word_1_36' title='bbox 442 1095 475 1144; x_wconf 86' lang='lat' dir='ltr'><strong>et</strong></span> <span class='ocrx_word' id='word_1_37' title='bbox 487 1080 581 1145; x_wconf 87' lang='lat' dir='ltr'><strong>dictis</strong></span> <span class='ocrx_word' id='word_1_38' title='bbox 594 1079 741 1146; x_wconf 87' lang='lat' dir='ltr'><strong>divinum</strong></span> <span class='ocrx_word' id='word_1_39' title='bbox 756 1080 898 1168; x_wconf 85' lang='lat' dir='ltr'><strong>adspirat</strong></span> <span class='ocrx_word' id='word_1_40' title='bbox 911 1103 1074 1150; x_wconf 88' lang='lat' dir='ltr'><strong>amorem:</strong></span> 
     </span>
     <span class='ocr_line' id='line_1_7' title="bbox 285 1217 1248 1309; baseline 0 -28"><span class='ocrx_word' id='word_1_41' title='bbox 285 1223 372 1282; x_wconf 90' lang='lat' dir='ltr'><strong>Dum</strong></span> <span class='ocrx_word' id='word_1_42' title='bbox 387 1217 476 1290; x_wconf 90' lang='lat' dir='ltr'><strong>bello</strong></span> <span class='ocrx_word' id='word_1_43' title='bbox 491 1217 636 1309; x_wconf 72' lang='lat' dir='ltr'><strong>Argolici</strong></span> <span class='ocrx_word' id='word_1_44' title='bbox 651 1218 819 1282; x_wconf 86' lang='lat' dir='ltr'><strong>vastabant</strong></span> <span class='ocrx_word' id='word_1_45' title='bbox 834 1223 992 1304; x_wconf 83' lang='lat' dir='ltr'><strong>Pergama</strong></span> <span class='ocrx_word' id='word_1_46' title='bbox 1007 1241 1106 1304; x_wconf 78' lang='lat' dir='ltr'><strong>reges,</strong></span> <span class='ocrx_word' id='word_1_47' title='bbox 1163 1275 1166 1289; x_wconf 86' lang='lat'>‚</span> <span class='ocrx_word' id='word_1_48' title='bbox 1245 1267 1248 1274; x_wconf 35' lang='lat' dir='ltr'><strong>r</strong></span> 
     </span>
     <span class='ocr_line' id='line_1_8' title="bbox 287 1351 1058 1442; baseline 0 -22"><span class='ocrx_word' id='word_1_49' title='bbox 287 1357 425 1435; x_wconf 79' lang='lat' dir='ltr'><strong>Debita,</strong></span> <span class='ocrx_word' id='word_1_50' title='bbox 438 1374 634 1442; x_wconf 25' lang='lat' dir='ltr'><strong>,casurasque</strong></span> <span class='ocrx_word' id='word_1_51' title='bbox 650 1351 788 1422; x_wconf 80' lang='lat' dir='ltr'><strong>inimicis</strong></span> <span class='ocrx_word' id='word_1_52' title='bbox 802 1355 933 1442; x_wconf 82' lang='lat' dir='ltr'><strong>ignibus</strong></span> <span class='ocrx_word' id='word_1_53' title='bbox 944 1377 1034 1420; x_wconf 87' lang='lat' dir='ltr'><strong>arces</strong></span> <span class='ocrx_word' id='word_1_54' title='bbox 1045 1395 1058 1435; x_wconf 88' lang='lat'><strong>,·</strong></span> 
     </span>
     <span class='ocr_line' id='line_1_9' title="bbox 286 1463 1156 1583; baseline 0 -21"><span class='ocrx_word' id='word_1_55' title='bbox 286 1501 358 1562; x_wconf 89' lang='lat' dir='ltr'><strong>Non</strong></span> <span class='ocrx_word' id='word_1_56' title='bbox 375 1494 477 1562; x_wconf 90' lang='lat' dir='ltr'><strong>ullum</strong></span> <span class='ocrx_word' id='word_1_57' title='bbox 488 1497 642 1560; x_wconf 82' lang='lat' dir='ltr'><strong>auxilium</strong></span> <span class='ocrx_word' id='word_1_58' title='bbox 654 1463 797 1575; x_wconf 84' lang='lat' dir='ltr'><strong>miseris,</strong></span> <span class='ocrx_word' id='word_1_59' title='bbox 816 1509 884 1562; x_wconf 86' lang='lat' dir='ltr'><strong>non</strong></span> <span class='ocrx_word' id='word_1_60' title='bbox 895 1520 984 1561; x_wconf 86' lang='lat' dir='ltr'><strong>arma</strong></span> <span class='ocrx_word' id='word_1_61' title='bbox 996 1498 1109 1583; x_wconf 82' lang='lat' dir='ltr'><strong>rogavi</strong></span> <span class='ocrx_word' id='word_1_62' title='bbox 1142 1519 1156 1524; x_wconf 81' lang='grc'><strong>’·</strong></span> 
     </span>
     <span class='ocr_line' id='line_1_10' title="bbox 285 1629 1078 1722; baseline 0 -24"><span class='ocrx_word' id='word_1_63' title='bbox 285 1637 370 1700; x_wconf 74' lang='lat' dir='ltr'><strong>Artis</strong></span> <span class='ocrx_word' id='word_1_64' title='bbox 382 1629 517 1722; x_wconf 86' lang='lat' dir='ltr'><strong>opisque</strong></span> <span class='ocrx_word' id='word_1_65' title='bbox 533 1649 595 1712; x_wconf 88' lang='lat' dir='ltr'><strong>tuae</strong></span> <span class='ocrx_word' id='word_1_66' title='bbox 606 1660 614 1710; x_wconf 81' lang='lat'><em>3</em></span> <span class='ocrx_word' id='word_1_67' title='bbox 630 1656 691 1698; x_wconf 87' lang='lat' dir='ltr'><strong>nec</strong></span> <span class='ocrx_word' id='word_1_68' title='bbox 703 1649 736 1698; x_wconf 88' lang='lat' dir='ltr'><strong>te</strong></span> <span class='ocrx_word' id='word_1_69' title='bbox 747 1680 756 1711; x_wconf 96' lang='lat'><strong>,</strong></span> <span class='ocrx_word' id='word_1_70' title='bbox 770 1634 931 1697; x_wconf 86' lang='lat' dir='ltr'><strong>carissime</strong></span> <span class='ocrx_word' id='word_1_71' title='bbox 943 1636 1078 1717; x_wconf 84' lang='lat' dir='ltr'><strong>conjux,</strong></span> 
     </span>
     <span class='ocr_line' id='line_1_11' title="bbox 285 1739 1019 1845; baseline -0.003 -7"><span class='ocrx_word' id='word_1_72' title='bbox 285 1778 488 1840; x_wconf 84' lang='lat' dir='ltr'><strong>lncas&#39;sumve</strong></span> <span class='ocrx_word' id='word_1_73' title='bbox 500 1790 572 1838; x_wconf 87' lang='lat' dir='ltr'><strong>tuos</strong></span> <span class='ocrx_word' id='word_1_74' title='bbox 581 1773 670 1840; x_wconf 85' lang='lat' dir='ltr'><strong>volui</strong></span> <span class='ocrx_word' id='word_1_75' title='bbox 682 1739 833 1841; x_wconf 74' lang='lat' dir='ltr'><strong>exercere</strong></span> <span class='ocrx_word' id='word_1_76' title='bbox 844 1773 990 1845; x_wconf 79' lang='lat' dir='ltr'><strong>labores;</strong></span> <span class='ocrx_word' id='word_1_77' title='bbox 1017 1765 1019 1773; x_wconf 18' lang='grc' dir='ltr'><em>Α</em></span> 
     </span>
     <span class='ocr_line' id='line_1_12' title="bbox 286 1897 1048 1997; baseline -0.001 -21"><span class='ocrx_word' id='word_1_78' title='bbox 286 1912 441 1996; x_wconf 85' lang='lat' dir='ltr'><strong>Quamvis</strong></span> <span class='ocrx_word' id='word_1_79' title='bbox 452 1925 485 1975; x_wconf 75' lang='lat' dir='ltr'><strong>‘et</strong></span> <span class='ocrx_word' id='word_1_80' title='bbox 496 1912 618 1976; x_wconf 88' lang='lat' dir='ltr'><strong>Priami</strong></span> <span class='ocrx_word' id='word_1_81' title='bbox 627 1909 782 1990; x_wconf 77' lang='lat' dir='ltr'><strong>deberem</strong></span> <span class='ocrx_word' id='word_1_82' title='bbox 793 1897 934 1997; x_wconf 87' lang='lat' dir='ltr'><strong>plurima</strong></span> <span class='ocrx_word' id='word_1_83' title='bbox 949 1913 1048 1990; x_wconf 89' lang='lat' dir='ltr'><strong>natis,</strong></span> 
     </span>
     <span class='ocr_line' id='line_1_13' title="bbox 286 2048 1025 2134; baseline -0.004 -20"><span class='ocrx_word' id='word_1_84' title='bbox 286 2054 326 2114; x_wconf 89' lang='lat' dir='ltr'><strong>Et</strong></span> <span class='ocrx_word' id='word_1_85' title='bbox 340 2050 458 2114; x_wconf 89' lang='lat' dir='ltr'><strong>durum</strong></span> <span class='ocrx_word' id='word_1_86' title='bbox 474 2052 581 2112; x_wconf 85' lang='lat' dir='ltr'><strong>AEneae</strong></span> <span class='ocrx_word' id='word_1_87' title='bbox 594 2048 754 2114; x_wconf 81' lang='lat' dir='ltr'><strong>flevissem</strong></span> <span class='ocrx_word' id='word_1_88' title='bbox 770 2069 853 2134; x_wconf 86' lang='lat' dir='ltr'><strong>saepe</strong></span> <span class='ocrx_word' id='word_1_89' title='bbox 866 2048 1025 2114; x_wconf 87' lang='lat' dir='ltr'><strong>laborem.</strong></span> 
     </span>
     <span class='ocr_line' id='line_1_14' title="bbox 286 2187 1099 2275; baseline -0.005 -21"><span class='ocrx_word' id='word_1_90' title='bbox 286 2195 378 2254; x_wconf 87' lang='lat' dir='ltr'><strong>Nunc</strong></span> <span class='ocrx_word' id='word_1_91' title='bbox 389 2189 480 2254; x_wconf 88' lang='lat' dir='ltr'><strong>Jovis</strong></span> <span class='ocrx_word' id='word_1_92' title='bbox 491 2188 636 2275; x_wconf 87' lang='lat' dir='ltr'><strong>imperiis</strong></span> <span class='ocrx_word' id='word_1_93' title='bbox 649 2187 847 2252; x_wconf 87' lang='lat' dir='ltr'><strong>Rutulorum</strong></span> <span class='ocrx_word' id='word_1_94' title='bbox 858 2189 1005 2252; x_wconf 90' lang='lat' dir='ltr'><strong>constitit</strong></span> <span class='ocrx_word' id='word_1_95' title='bbox 1017 2188 1099 2252; x_wconf 90' lang='lat' dir='ltr'><strong>oris:</strong></span> 
     </span>
     <span class='ocr_line' id='line_1_15' title="bbox 285 2301 1277 2419; baseline -0.003 -24"><span class='ocrx_word' id='word_1_96' title='bbox 285 2321 371 2416; x_wconf 81' lang='lat' dir='ltr'><strong>Ergo</strong></span> <span class='ocrx_word' id='word_1_97' title='bbox 387 2327 499 2392; x_wconf 88' lang='lat' dir='ltr'><strong>eadem</strong></span> <span class='ocrx_word' id='word_1_98' title='bbox 511 2301 648 2415; x_wconf 83' lang='lat' dir='ltr'><strong>supplex</strong></span> <span class='ocrx_word' id='word_1_99' title='bbox 661 2328 758 2392; x_wconf 87' lang='lat' dir='ltr'><strong>venio</strong></span> <span class='ocrx_word' id='word_1_100' title='bbox 766 2375 776 2405; x_wconf 94' lang='lat'><strong>,</strong></span> <span class='ocrx_word' id='word_1_101' title='bbox 794 2344 827 2391; x_wconf 87' lang='lat' dir='ltr'><strong>et</strong></span> <span class='ocrx_word' id='word_1_102' title='bbox 837 2343 983 2392; x_wconf 87' lang='lat' dir='ltr'><strong>sanctum</strong></span> <span class='ocrx_word' id='word_1_103' title='bbox 995 2328 1074 2419; x_wconf 69' lang='lat' dir='ltr'><strong>milri</strong></span> <span class='ocrx_word' id='word_1_104' title='bbox 1085 2351 1208 2393; x_wconf 90' lang='lat' dir='ltr'><strong>numen</strong></span> <span class='ocrx_word' id='word_1_105' title='bbox 1223 2321 1237 2368; x_wconf 68' lang='lat'><em>3</em></span> <span class='ocrx_word' id='word_1_106' title='bbox 1275 2301 1277 2308; x_wconf 15' lang='grc' dir='ltr'><em>Α</em></span> 
     </span>
     <span class='ocr_line' id='line_1_16' title="bbox 285 2465 990 2554; baseline -0.001 -21"><span class='ocrx_word' id='word_1_107' title='bbox 285 2473 384 2533; x_wconf 73' lang='lat' dir='ltr'><strong>Arma</strong></span> <span class='ocrx_word' id='word_1_108' title='bbox 395 2491 477 2554; x_wconf 85' lang='lat' dir='ltr'><strong>rogo</strong></span> <span class='ocrx_word' id='word_1_109' title='bbox 488 2465 629 2554; x_wconf 83' lang='lat' dir='ltr'><strong>genitrix</strong></span> <span class='ocrx_word' id='word_1_110' title='bbox 639 2483 730 2532; x_wconf 88' lang='lat' dir='ltr'><strong>nato.</strong></span> <span class='ocrx_word' id='word_1_111' title='bbox 744 2467 861 2532; x_wconf 89' lang='lat' dir='ltr'><strong>Tefilia</strong></span> <span class='ocrx_word' id='word_1_112' title='bbox 878 2468 990 2547; x_wconf 87' lang='lat' dir='ltr'><strong>Nerei,</strong></span> 
     </span>
     <span class='ocr_line' id='line_1_17' title="bbox 285 2601 1056 2694; baseline -0.003 -22"><span class='ocrx_word' id='word_1_113' title='bbox 285 2613 329 2672; x_wconf 88' lang='lat' dir='ltr'><strong>Te</strong></span> <span class='ocrx_word' id='word_1_114' title='bbox 340 2607 448 2694; x_wconf 91' lang='lat' dir='ltr'><strong>potuit</strong></span> <span class='ocrx_word' id='word_1_115' title='bbox 459 2605 610 2694; x_wconf 84' lang='lat' dir='ltr'><strong>lacrymis</strong></span> <span class='ocrx_word' id='word_1_116' title='bbox 621 2601 771 2672; x_wconf 89' lang='lat' dir='ltr'><strong>Tithonia</strong></span> <span class='ocrx_word' id='word_1_117' title='bbox 783 2608 915 2672; x_wconf 87' lang='lat' dir='ltr'><strong>flectere</strong></span> <span class='ocrx_word' id='word_1_118' title='bbox 926 2609 1056 2692; x_wconf 82' lang='lat' dir='ltr'><strong>conjux.</strong></span> 
     </span>
     <span class='ocr_line' id='line_1_18' title="bbox 286 2743 1155 2834; baseline 0.003 -27"><span class='ocrx_word' id='word_1_119' title='bbox 286 2745 401 2832; x_wconf 76' lang='lat' dir='ltr'><strong>Aspice</strong></span> <span class='ocrx_word' id='word_1_120' title='bbox 414 2745 471 2831; x_wconf 93' lang='lat' dir='ltr'><strong>qui</strong></span> <span class='ocrx_word' id='word_1_121' title='bbox 484 2760 599 2810; x_wconf 87' lang='lat' dir='ltr'><strong>coeant</strong></span> <span class='ocrx_word' id='word_1_122' title='bbox 614 2743 749 2834; x_wconf 89' lang='lat' dir='ltr'><strong>populi,</strong></span> <span class='ocrx_word' id='word_1_123' title='bbox 763 2769 835 2832; x_wconf 82' lang='lat' dir='ltr'><strong>quae</strong></span> <span class='ocrx_word' id='word_1_124' title='bbox 848 2746 967 2810; x_wconf 84' lang='lat' dir='ltr'><strong>moenia</strong></span> <span class='ocrx_word' id='word_1_125' title='bbox 978 2745 1092 2810; x_wconf 85' lang='lat' dir='ltr'><strong>clausis</strong></span> <span class='ocrx_word' id='word_1_126' title='bbox 1153 2793 1155 2798; x_wconf 82' lang='lat'><em>·</em></span> 
     </span>
    </p>
   </div>
   <div class='ocr_carea' id='block_1_3' title="bbox 287 2874 1280 2971">
    <p class='ocr_par' dir='ltr' id='par_1_4' title="bbox 287 2874 1280 2971">
     <span class='ocr_line' id='line_1_19' title="bbox 287 2874 1280 2971; baseline 0 -25"><span class='ocrx_word' id='word_1_127' title='bbox 287 2885 421 2946; x_wconf 85' lang='lat' dir='ltr'><strong>Ferrum</strong></span> <span class='ocrx_word' id='word_1_128' title='bbox 438 2899 555 2946; x_wconf 83' lang='lat' dir='ltr'><strong>acuant</strong></span> <span class='ocrx_word' id='word_1_129' title='bbox 569 2883 673 2968; x_wconf 90' lang='lat' dir='ltr'><strong>portis</strong></span> <span class='ocrx_word' id='word_1_130' title='bbox 685 2881 719 2945; x_wconf 92' lang='lat' dir='ltr'><strong>in</strong></span> <span class='ocrx_word' id='word_1_131' title='bbox 733 2906 785 2946; x_wconf 90' lang='lat' dir='ltr'><strong>me</strong></span> <span class='ocrx_word' id='word_1_132' title='bbox 799 2880 1023 2971; x_wconf 83' lang='lat' dir='ltr'><strong>excidiumque</strong></span> <span class='ocrx_word' id='word_1_133' title='bbox 1038 2874 1198 2948; x_wconf 83' lang='lat' dir='ltr'><strong>meorum.</strong></span> <span class='ocrx_word' id='word_1_134' title='bbox 1279 2893 1280 2896; x_wconf 75' lang='grc'>’</span> 
     </span>
    </p>
   </div>
   <div class='ocr_carea' id='block_1_4' title="bbox 331 3491 1163 3579">
    <p class='ocr_par' dir='ltr' id='par_1_5' title="bbox 331 3491 1163 3579">
     <span class='ocr_line' id='line_1_20' title="bbox 331 3491 1163 3579; baseline -0.002 -20"><span class='ocrx_word' id='word_1_135' title='bbox 331 3497 482 3571; x_wconf 75' lang='lat' dir='ltr'><strong>Dixerat3</strong></span> <span class='ocrx_word' id='word_1_136' title='bbox 499 3511 532 3558; x_wconf 89' lang='lat' dir='ltr'><strong>et</strong></span> <span class='ocrx_word' id='word_1_137' title='bbox 545 3493 649 3562; x_wconf 83' lang='lat' dir='ltr'><strong>niveis</strong></span> <span class='ocrx_word' id='word_1_138' title='bbox 661 3491 741 3570; x_wconf 68' lang='lat' dir='ltr'><strong>‚hine</strong></span> <span class='ocrx_word' id='word_1_139' title='bbox 753 3507 850 3579; x_wconf 88' lang='lat' dir='ltr'><strong>atque</strong></span> <span class='ocrx_word' id='word_1_140' title='bbox 862 3493 939 3560; x_wconf 89' lang='lat' dir='ltr'><strong>hino</strong></span> <span class='ocrx_word' id='word_1_141' title='bbox 950 3491 1024 3560; x_wconf 83' lang='lat' dir='ltr'><strong>diva</strong></span> <span class='ocrx_word' id='word_1_142' title='bbox 1034 3494 1163 3561; x_wconf 83' lang='lat' dir='ltr'><strong>lacertis</strong></span> 
     </span>
    </p>
   </div>
   <div class='ocr_carea' id='block_1_5' title="bbox 288 3631 1116 3720">
    <p class='ocr_par' dir='ltr' id='par_1_6' title="bbox 288 3631 1116 3720">
     <span class='ocr_line' id='line_1_21' title="bbox 288 3631 1116 3720; baseline -0.004 -21"><span class='ocrx_word' id='word_1_143' title='bbox 288 3636 504 3699; x_wconf 85' lang='lat' dir='ltr'><strong>Cunctantem</strong></span> <span class='ocrx_word' id='word_1_144' title='bbox 518 3633 668 3720; x_wconf 84' lang='lat' dir='ltr'><strong>amplexu</strong></span> <span class='ocrx_word' id='word_1_145' title='bbox 678 3631 771 3696; x_wconf 90' lang='lat' dir='ltr'><strong>molli</strong></span> <span class='ocrx_word' id='word_1_146' title='bbox 782 3632 891 3699; x_wconf 85' lang='lat' dir='ltr'><strong>fovet:</strong></span> <span class='ocrx_word' id='word_1_147' title='bbox 910 3633 965 3698; x_wconf 90' lang='lat' dir='ltr'><strong>ille</strong></span> <span class='ocrx_word' id='word_1_148' title='bbox 980 3649 1116 3720; x_wconf 85' lang='lat' dir='ltr'><strong>repente</strong></span> 
     </span>
    </p>
   </div>
   <div class='ocr_carea' id='block_1_6' title="bbox 289 3769 1105 3866">
    <p class='ocr_par' dir='ltr' id='par_1_7' title="bbox 289 3769 1105 3866">
     <span class='ocr_line' id='line_1_22' title="bbox 289 3769 1105 3866; baseline -0.004 -23"><span class='ocrx_word' id='word_1_149' title='bbox 289 3778 422 3866; x_wconf 72' lang='lat' dir='ltr'><strong>Accepit</strong></span> <span class='ocrx_word' id='word_1_150' title='bbox 437 3773 564 3841; x_wconf 85' lang='lat' dir='ltr'><strong>solitam</strong></span> <span class='ocrx_word' id='word_1_151' title='bbox 580 3769 739 3840; x_wconf 83' lang='lat' dir='ltr'><strong>flammam</strong></span> <span class='ocrx_word' id='word_1_152' title='bbox 748 3818 758 3852; x_wconf 84' lang='lat'><strong>,</strong></span> <span class='ocrx_word' id='word_1_153' title='bbox 775 3789 937 3864; x_wconf 90' lang='lat' dir='ltr'><strong>notusque</strong></span> <span class='ocrx_word' id='word_1_154' title='bbox 950 3774 1105 3840; x_wconf 88' lang='lat' dir='ltr'><strong>medullas</strong></span> 
     </span>
    </p>
   </div>
   <div class='ocr_carea' id='block_1_7' title="bbox 287 3911 1076 3999">
    <p class='ocr_par' dir='ltr' id='par_1_8' title="bbox 287 3911 1076 3999">
     <span class='ocr_line' id='line_1_23' title="bbox 287 3911 1076 3999; baseline -0.005 -19"><span class='ocrx_word' id='word_1_155' title='bbox 287 3916 424 3980; x_wconf 90' lang='lat' dir='ltr'><strong>Intravit</strong></span> <span class='ocrx_word' id='word_1_156' title='bbox 434 3913 536 3989; x_wconf 86' lang='lat' dir='ltr'><strong>calor,</strong></span> <span class='ocrx_word' id='word_1_157' title='bbox 550 3926 584 3975; x_wconf 87' lang='lat' dir='ltr'><strong>et</strong></span> <span class='ocrx_word' id='word_1_158' title='bbox 594 3911 751 3976; x_wconf 86' lang='lat' dir='ltr'><strong>labefacta</strong></span> <span class='ocrx_word' id='word_1_159' title='bbox 761 3935 822 3999; x_wconf 88' lang='lat' dir='ltr'><strong>per</strong></span> <span class='ocrx_word' id='word_1_160' title='bbox 833 3935 903 3978; x_wconf 87' lang='lat' dir='ltr'><strong>ossa</strong></span> <span class='ocrx_word' id='word_1_161' title='bbox 914 3916 1076 3980; x_wconf 84' lang='lat' dir='ltr'><strong>cucurrit:</strong></span> 
     </span>
    </p>
   </div>
   <div class='ocr_carea' id='block_1_8' title="bbox 286 4051 1277 4148">
    <p class='ocr_par' dir='ltr' id='par_1_9' title="bbox 286 4051 1277 4148">
     <span class='ocr_line' id='line_1_24' title="bbox 286 4051 1277 4148; baseline 0 -30"><span class='ocrx_word' id='word_1_162' title='bbox 286 4057 359 4118; x_wconf 91' lang='lat' dir='ltr'><strong>Non</strong></span> <span class='ocrx_word' id='word_1_163' title='bbox 371 4077 461 4120; x_wconf 89' lang='lat' dir='ltr'><strong>secus</strong></span> <span class='ocrx_word' id='word_1_164' title='bbox 475 4067 574 4139; x_wconf 85' lang='lat' dir='ltr'><strong>atque</strong></span> <span class='ocrx_word' id='word_1_165' title='bbox 588 4051 667 4118; x_wconf 88' lang='lat' dir='ltr'><strong>olim</strong></span> <span class='ocrx_word' id='word_1_166' title='bbox 683 4053 809 4117; x_wconf 87' lang='lat' dir='ltr'><strong>tonitru</strong></span> <span class='ocrx_word' id='word_1_167' title='bbox 824 4076 926 4139; x_wconf 89' lang='lat' dir='ltr'><strong>quum</strong></span> <span class='ocrx_word' id='word_1_168' title='bbox 937 4072 1033 4144; x_wconf 87' lang='lat' dir='ltr'><strong>rupta</strong></span> <span class='ocrx_word' id='word_1_169' title='bbox 1045 4077 1181 4148; x_wconf 78' lang='lat' dir='ltr'><strong>corusco</strong></span> <span class='ocrx_word' id='word_1_170' title='bbox 1273 4137 1277 4142; x_wconf 27' lang='grc' dir='ltr'>Ι</span> 
     </span>
    </p>
   </div>
   <div class='ocr_carea' id='block_1_9' title="bbox 0 0 1466 4808">
    <p class='ocr_par' dir='ltr' id='par_1_10' title="bbox 0 0 1466 4808">
     <span class='ocr_line' id='line_1_25' title="bbox 0 0 1466 4808; baseline 0 0"><span class='ocrx_word' id='word_1_171' title='bbox 0 0 1466 4808; x_wconf 95' lang='lat' dir='ltr'><strong> </strong></span> 
     </span>
    </p>
   </div>
  </div>
 </body>
</html>
