2924 4808
271 449 315 532 η’
499 457 1035 524 muutuostmunvnl.
1167 451 1259 518 tos

270 604 322 668 llli
334 604 421 668 inter
432 624 499 666 sese
510 598 611 663 multe
628 598 659 662 vi
669 595 800 661 bradua
815 593 935 660 tollunt
1070 581 1072 588 ’

269 745 308 804 'ln
318 761 507 817 numerum,
521 753 717 826 versantque
730 733 834 798 tenaci
846 733 970 821 forcipe
982 755 1125 799 massam.

315 1761 390 1820 Haec
401 1771 495 1842 peter
506 1755 617 1820 AEoliis
627 1770 784 1844 properat
794 1755 872 1819 dum
884 1755 1033 1818 Lemnius
1045 1755 1110 1844 oris
1120 1801 1137 1831 „

273 1894 460 1958 Evandrum
473 1917 511 1958 ex
522 1894 637 1959 humili
646 1908 736 1958 tecto
748 1894 802 1957 lux
814 1894 947 1958 suscitat
958 1893 1059 1971 alma,

270 2037 311 2097 Et
325 2033 475 2098 matutini
486 2030 656 2096 volucrum
666 2033 727 2098 sub
739 2031 880 2096 culmine
891 2048 1016 2098 cautus.

274 2171 451 2257 Consurgit
461 2170 590 2247 senior,
604 2171 778 2256 tunicaque
788 2170 955 2262 inducitur
966 2187 1072 2247 artus,

271 2316 312 2375 Et
323 2310 491 2397 Tyrrhena
501 2309 621 2397 pedum
634 2310 812 2374 circumdat
823 2311 951 2375 vincula
962 2310 1093 2396 plantis.

269 2457 352 2520 Tum
365 2452 459 2516 lateri
470 2467 567 2538 atque
578 2451 721 2515 humeris
732 2456 899 2537 Tegeaemn
913 2451 1054 2538 subligat
1065 2473 1174 2514 ensem
1183 2497 1199 2524 λ

271 2592 417 2658 Demisse
430 2592 471 2654 ab
483 2591 562 2656 loeva
572 2591 739 2678 panthere
751 2606 842 2677 terga
854 2606 1060 2677 retorquens.

273 2735 408 2796 Necnon
420 2747 456 2796 et
464 2731 585 2820 gemini
596 2731 746 2796 custodes
758 2730 870 2794 limine
881 2731 923 2794 ab
934 2729 1000 2792 alto

272 2871 466 2936 Praecedunt
474 2920 484 2951 ,
497 2893 705 2958 gressumque
717 2890 812 2934 canes
823 2869 1021 2933 comitantur
1032 2870 1178 2935 herilem.
1268 2853 1270 2858 ⁸

272 3007 416 3094 Hospitis
430 3011 536 3073 AEneae
550 3008 659 3072 sedern
671 3023 704 3071 et
717 3022 840 3070 secreta
852 3007 983 3094 petebat
993 3056 1005 3085 ,,
1108 3006 1111 3012 “

273 3151 467 3212 Sermonum
481 3169 607 3210 memor
618 3160 651 3210 et
662 3147 811 3233 promissi
822 3149 982 3225 muneris,
998 3119 1106 3212 heros.

273 3291 338 3352 Nee
349 3289 583 3353 minusAEueas
594 3309 627 3350 se
638 3286 815 3358 matutinus
824 3289 955 3374 egebat.

274 3424 373 3490 Filius
384 3427 460 3491 huic
471 3426 594 3502 Pallas,
608 3425 655 3489 illi
667 3449 775 3490 comes
786 3427 854 3489 ibat
865 3426 1011 3490 Achates.

276 3563 448 3650 Congressi
458 3568 602 3650 jungunt
613 3566 758 3641 dextras,
774 3565 951 3650 mediisque
964 3566 1109 3630 residunt

274 3704 425 3781 AEdibus,
440 3720 474 3767 et
485 3703 574 3770 licito
587 3707 717 3786 tandem
729 3729 878 3772 sermone
889 3707 1054 3772 fruuntur.

275 3845 344 3904 Rex
356 3843 448 3929 prior
459 3841 546 3906 haec:

238 3961 242 3977 ¹
275 3979 409 4042 Maxime
421 3984 619 4044 Teucrorum
632 3981 760 4057 ductor,
772 4003 841 4066 quo
853 3984 974 4069 sospite
987 4006 1154 4068 nunquam

276 4125 337 4186 nes
351 4119 502 4206 equidem
513 4121 616 4202 Trojae
629 4121 727 4183 victas
739 4133 793 4183 eut
805 4141 904 4204 regna
916 4121 1055 4196 fatebor,
1077 4191 1079 4196 s
