2908 4810
258 347 321 408 334
494 340 728 404 AENEIDOS
760 341 903 402 LIBER
936 342 995 401 XI.
1024 383 1027 391 ,
1154 340 1253 405 v·⁸⁹⁸.

258 481 377 547 Omnia
388 480 596 567 corripuisse;
610 491 733 542 metum
743 475 860 560 jamnd
871 477 988 542 moenia
998 476 1089 542 ferri.
1105 509 1119 538 »

260 621 320 685 lile
332 620 444 683 furens
456 617 510 703 (et
521 639 601 681 soeva
614 615 703 680 Jovis
714 615 759 678 sic
769 614 901 678 numina
913 615 1072 702 poscunt)

258 738 386 821 Deserit
398 757 543 820 obsessos
556 754 672 831 eolles,
687 745 822 818 nemora
837 745 947 840 aspera
960 752 1091 841 linquit.

257 894 319 957 Vix
333 913 351 956 e
367 907 544 980 conspectu
560 894 681 956 exierat
696 913 908 979 campumque
925 892 1077 970 tenebat,

257 1033 366 1112 Quum
381 1043 474 1116 pater
488 1033 622 1107 AEneas,
636 1028 733 1092 saltus
749 993 911 1116 ingreisus
927 1045 1078 1116 apertos,

256 1173 498 1254 Exsuperatque
508 1168 644 1254 jugum,
662 1166 805 1252 silvaque
822 1167 930 1231 evadit
945 1189 1054 1254 opaca.

257 1305 311 1368 sic
327 1305 422 1368 ambo
438 1303 478 1367 ad
492 1309 603 1367 'muros
619 1303 725 1390 rapidi
740 1313 876 1389 totoque
891 1303 1042 1368 feruntur

256 1442 411 1529 Agmine3
424 1463 486 1505 nec
498 1441 605 1527 longis
616 1438 702 1506 inter
713 1463 747 1506 se
759 1443 903 1529 passibus
918 1433 1047 1505 absunt.

257 1583 303 1644 Ac
320 1544 416 1644 simui
430 1582 544 1641 AEneas
560 1578 720 1641 fumantes
735 1577 870 1664 pulvere
885 1569 1015 1664 campos

258 1695 430 1800 Prospexit
445 1713 560 1798 longe,
575 1714 818 1800 Laurentiaque,
827 1715 953 1799 agmina
969 1714 1069 1788 vidit;

259 1855 301 1917 Et
314 1874 432 1916 saevum
447 1854 570 1914 AEnean
585 1851 718 1937 agnovit
733 1856 859 1915 Turnus
874 1851 908 1915 in
924 1853 1037 1930 armis,

258 1991 506 2076 Adventumque
519 1989 638 2076 pedum
651 1990 808 2075 flatusque
820 1967 943 2053 audivit
956 2011 1136 2076 equorum:

228 2213 230 2218 Α
259 2134 491 2218 Continuoque
506 2134 617 2196 ineant
630 2155 773 2226 pugnas,
792 2148 825 2196 et
839 2126 950 2218 praelia
967 2146 1113 2210 tentent,

259 2273 299 2335 Ni
313 2293 423 2336 roseus
438 2271 546 2374 fessosx
548 2274 615 2356 jam
631 2271 757 2358 gurgite
772 2270 914 2334 Phoebus
928 2271 1024 2334 Ibero

259 2411 373 2496 Tingat
386 2431 506 2495 equos,
520 2424 731 2496 noctemque,
748 2409 799 2473 die
815 2401 960 2488 labente,
974 2407 1119 2472 reducat.

263 2533 444 2599 Considunt
454 2535 565 2600 castris
575 2550 651 2598 ante
662 2536 794 2614 urbem,
809 2551 842 2600 et
853 2536 971 2600 moenia'
984 2533 1118 2600 vallant.
