2924 4808
292 437 333 495 90
528 431 760 493 AENEIDOS
794 431 940 492 LIBER
971 433 1033 491 lx.
1184 449 1208 478 v.
1224 432 1273 478 1⁶1·

289 571 340 633 Bis
351 585 474 656 septem
486 569 607 631 Rutulo
620 590 731 631 muros
744 568 799 653 qui
813 567 914 630 milite
926 583 1056 632 servent

288 708 414 772 Delecti
427 733 434 782 ;
450 722 497 768 ast
508 705 581 768 illos
593 707 722 768 centeni
734 727 895 791 quemque
908 723 1088 791 sequuntur

288 845 448 931 Purpurei
461 843 563 906 cristis
570 845 708 926 juvenes
721 864 865 927 auroque
878 844 1014 906 corusci.

286 985 497 1060 Discurrunt,
512 982 702 1067 variantque
713 982 817 1059 vices,
831 982 957 1068 fusique
970 1006 1030 1068 per
1041 984 1175 1049 herbam

286 1122 460 1207 Indulgent
470 1121 547 1184 vino
558 1168 566 1197 ,
580 1135 614 1184 et
627 1135 758 1183 vertunt
770 1135 908 1183 crateras
920 1119 1051 1184 ahenos.

285 1260 457 1324 Collucent
468 1261 575 1345 ignes,
591 1275 721 1322 noctem
734 1257 878 1321 custodia
891 1257 980 1322 ducit

284 1397 468 1458 lnsomnem
482 1393 572 1456 ludo.

328 1535 402 1594 Haec
414 1553 511 1616 super
523 1553 540 1593 e
552 1531 636 1595 vallo
648 1547 858 1618 prospectant
868 1537 985 1608 Troes,
1000 1548 1033 1595 et
1044 1533 1139 1606 armis

283 1669 356 1732 Alta
370 1683 484 1731 tenent
495 1693 503 1744 3
516 1690 647 1731 necnon
659 1667 777 1753 trepidi
788 1668 961 1732 formidine
973 1686 1084 1755 portas

283 1806 461 1894 Explorant
468 1853 476 1882 ,
490 1821 673 1892 pontesque
685 1820 717 1868 et
729 1807 972 1891 propugnacula
982 1808 1126 1892 jungunt
1136 1855 1159 1894 ,p

282 1945 357 2008 Tela
369 1960 498 2030 gerunt.
515 1948 640 2006 Instant
652 1943 835 2007 Mnestheus
849 1923 987 2030 acerque
1001 1947 1165 2022 Serestus,

284 2086 374 2165 Quos
385 2097 478 2167 pater
490 2085 620 2156 AEneas,
637 2081 802 2165 siquando
815 2082 946 2145 adversa
958 2098 1131 2160 vocarent,

282 2227 436 2285 Rectores
448 2223 605 2303 juvenum
621 2233 652 2280 et
669 2241 777 2281 rerum
794 2219 884 2282 dedit
899 2241 965 2282 esse
982 2219 1167 2304 magistros„

284 2363 399 2427 Omnis
413 2384 473 2447 per
490 2382 598 2423 muros
614 2358 699 2444 legio
715 2359 829 2421 sortita
846 2359 1004 2444 periclum

282 2501 443 2577 Excubat,
462 2514 655 2583 exercetque
671 2498 773 2575 vices,
792 2497 881 2584 quod
896 2499 1012 2584 cuique
1030 2497 1185 2562 tuendum
1201 2516 1260 2568 cst,

326 2689 416 2752 Nisus
432 2704 502 2753 erat
515 2705 619 2775 portae
636 2703 760 2764 custos,
778 2688 954 2751 acerrimus
969 2688 1083 2764 armis,

281 2831 489 2917 Hyrtacides3
508 2829 657 2912 comitem
675 2833 780 2890 AEneae
796 2850 892 2913 quem
907 2830 1038 2892 miserat
1055 2830 1109 2893 lda

280 2968 432 3030 Venatrix
444 3016 451 3042 ,
463 2966 570 3048 jaculo
587 2964 725 3028 celerem
740 2964 929 3050 levibusque
944 2967 1086 3052 sagittis:

280 3109 320 3168 Et
330 3109 421 3190 juxta
438 3125 544 3172 comes
560 3100 736 3186 Euryalus,
756 3124 821 3187 quo
838 3103 1006 3188 pulchrior
1022 3105 1103 3178 alter

281 3249 352 3307 Non
367 3243 428 3306 suit
442 3240 639 3317 AEneadum,
655 3242 792 3323 Trojana
807 3263 914 3326 neque
930 3242 1035 3305 induit
1049 3267 1134 3307 arma
1146 3271 1154 3322 3

282 3386 349 3447 Ora
365 3405 446 3468 puer
461 3381 565 3468 prima
578 3380 707 3466 signans
721 3379 848 3442 intonsa
860 3382 1006 3463 juventa.

212 3590 217 3600 Α
281 3521 337 3582 His
353 3543 443 3582 amor
460 3543 542 3583 unus
559 3534 646 3597 erat,
664 3519 850 3606 pariterque
867 3520 901 3582 in
916 3521 1001 3585 bella
1017 3523 1173 3599 ruebant3

279 3662 359 3719 Tum
376 3679 506 3742 quoque
523 3657 686 3722 communi
700 3673 830 3743 portam
846 3658 983 3722 statione
999 3627 1174 3722 tenebant.¹

280 3796 371 3857 Nisus
384 3795 449 3857 ait:
467 3822 480 3850 α
497 3795 581 3857 Dine
593 3796 680 3860 hunc
695 3797 846 3858 ardorem
862 3795 1023 3859 mentibus
1038 3796 1176 3872 addunt,

279 3933 440 4020 Euryale?
455 3957 496 3996 an
512 3955 566 3996 sua
583 3934 697 4021 cuique
713 3935 792 3997 deus
807 3904 843 3995 sn
859 3934 927 3997 dira
943 3935 1061 4022 cupido
1074 3937 1110 3995 ²?

279 4078 342 4136 Aut
353 4096 510 4160 pugnam,
525 4089 579 4144 aut
591 4074 711 4158 aliquid
719 4075 784 4156 jam
798 4071 919 4137 dudum
932 4074 1084 4136 invadere
1096 4095 1248 4158 magnum
1259 4121 1266 4151 ,
