2894 4812
283 377 344 465 234
529 401 1004 466 numoosuuunx.
1173 403 1269 452 nua-

281 541 505 626 Praecipitant,
523 541 629 606 omnis
642 543 762 628 eampis
775 541 903 629 diffugit
918 558 1040 620 arator,

282 679 396 742 Omnis
410 694 443 741 et
458 679 614 764 agricola,
632 693 664 742 et
681 693 749 742 tuta
764 679 842 742 latet
857 701 930 743 arce
946 681 1062 759 viator,

281 819 344 880 Aut
358 817 459 880 amnis
472 817 568 903 ripis,
584 807 642 880 aut¹
654 816 710 880 alti
725 817 848 881 fornice
863 818 948 895 saxi,

280 960 365 1019 Dum
376 954 460 1041 pluit
472 955 506 1018 in
518 955 629 1032 terris,
644 969 680 1016 ut
690 953 831 1039 possint,
846 955 913 1058 sole
925 955 1078 1052 reducto,

281 1098 436 1158 Exerccre
449 1094 558 1158 diem:
576 1094 621 1158 sic
636 1093 773 1156 obrutus
789 1091 933 1177 undique
948 1092 1022 1156 telis

167 1228 174 1242 “
280 1235 393 1294 AEneas
408 1232 527 1295 nubem
541 1229 637 1308 belli,
654 1229 732 1292 dum
746 1229 900 1307 detonet,
916 1251 1047 1295 otnnmn

280 1369 437 1446 Sustinet,
452 1384 484 1432 et
495 1371 630 1432 Lausum
641 1367 832 1454 increpitat,
846 1371 1012 1455 Lausoque
1025 1369 1189 1434 minatur:

283 1532 297 1562 ιι
310 1510 402 1589 Quo,
416 1507 589 1584 moriture,
604 1507 693 1570 ruis?
704 1508 889 1592 majoraque
901 1507 1024 1571 viribus
1035 1507 1155 1571 audes?

280 1643 373 1706 Fallit
385 1659 418 1707 te
430 1645 594 1708 incautum
607 1645 708 1732 pietas
724 1659 789 1708 tua.
804 1674 819 1702 a
832 1648 898 1710 Nec
910 1645 1018 1710 miuus
1030 1645 1089 1710 ille

280 1781 422 1888 Exsultat
438 1782 590 1847 demens:
608 1806 698 1848 saevae
709 1785 841 1868 jamque
856 1783 950 1848 altius
966 1784 1023 1850 irae

282 1922 444 1987 Dardanio
460 1887 596 2009 surgunt
610 1923 758 1999 ductori,
775 1897 981 2006 extremaque
997 1925 1098 1986 Lauso

282 2064 388 2126 Parcae
401 2061 453 2122 fila
464 2060 594 2145 legunt,
608 2059 749 2123 validum
761 2082 901 2146 namque
913 2059 1011 2144 exigit
1023 2081 1131 2122 ensem

279 2201 343 2258 Per
354 2194 493 2259 medium
505 2199 617 2259 AEneas
623 2199 795 2281 juvenem,
810 2211 979 2290 totumque
993 2197 1153 2261 recondit.

282 2333 419 2396 Transiit
430 2347 462 2395 et
473 2354 616 2419 parmam
628 2355 757 2411 mucro,
772 2333 852 2400 levia
864 2335 1097 2418 armaminacis
1108 2382 1122 2412 ,.

283 2476 322 2536 Et
336 2471 475 2536 tunicam
487 2521 495 2549 ,
509 2473 599 2537 molli
614 2489 720 2537 mater·
734 2497 829 2559 quam
843 2489 979 2546 neverat
994 2451 1094 2550 aur03

281 2611 494 2697 Implevitque
506 2612 611 2676 sinum
623 2614 769 2698 sanguis:
787 2617 854 2676 tum
867 2613 932 2676 vita
945 2633 1003 2698 per
1019 2633 1111 2674 auras

284 2748 448 2812 Concessit
458 2766 571 2813 moesta
582 2750 622 2813 ad
633 2753 758 2827 Manes,
772 2771 954 2836 corpusque
966 2749 1108 2835 reliquit.

326 3221 367 3282 tt
383 3241 461 3284 vcro
478 3235 514 3283 ut
528 3218 652 3308 vultum
668 3219 749 3282 vidit
766 3218 933 3282 morientis
947 3233 980 3280 et
996 3241 1072 3294 ora,

284 3355 349 3416 Ora
364 3353 467 3418 modis
475 3399 484 3432 ,
502 3354 722 3438 Anchisiades,
741 3354 895 3442 pallentia
910 3354 1019 3430 miris,

281 3494 440 3578 Ingemuit
451 3496 604 3560 miserans
614 3494 767 3582 graviter,
780 3495 992 3580 dextramque
1006 3491 1162 3563 tetendit;

281 3633 320 3692 Et
335 3648 474 3696 mentem
490 3636 600 3719 patriae
616 3634 744 3698 strinxit
761 3634 887 3720 pietatis
902 3635 1019 3718 imago.

208 3755 214 3774 ’
284 3801 297 3834 c
310 3773 396 3855 Quid
408 3773 467 3836 tibi
478 3795 582 3851 nunc,
595 3773 773 3838 miserande
783 3795 877 3859 puer,
892 3794 954 3857 pro
966 3770 1113 3833 laudibus
1131 3769 1220 3843 istis,

282 3911 367 3994 Quid
384 3866 581 3997 piusAEncas
597 3926 684 3976 tante
700 3911 788 3975 dubit
805 3911 914 3974 indole
931 3909 1088 3997 dignum?

280 4052 392 4126 Arma,
407 4051 522 4134 quibus
533 4049 655 4114 letatus
668 4097 677 4126 ,
690 4051 771 4114 habe
783 4064 855 4124 tua3
870 4065 968 4148 teque
982 4043 1154 4135 parentum
