2894 4812
294 382 356 446 298
542 381 773 447 AENElDOS
799 372 1032 460 thtttlt'xt.
1190 391 1278 444 utar·

293 523 339 582 Tu
350 516 450 603 pedes
465 518 505 580 ad
517 539 627 582 muros
640 519 797 597 subsiste,
815 534 849 584 et
859 521 977 586 moeuia
988 543 1092 588 serva.
1111 552 1126 582 s

291 659 418 721 Turnus
429 653 565 732 adhaec,
579 655 690 719 oculos
700 655 864 738 horrenda
877 656 911 720 in
927 657 1054 744 virgine
1064 660 1167 726 fixus:

294 821 308 848 a
324 795 355 856 Ο
371 791 468 856 decus
479 792 596 865 ltaliae,
613 791 727 879 virgo,
744 817 822 880 quas
833 795 940 890 dicere
956 811 1079 883 grates,

293 934 420 1015 Quaeve
431 931 553 994 referre
565 931 698 1016 parem?
714 929 772 996 sed
782 955 887 1011 nunc,
900 949 949 998 est
960 937 1069 1000 omnia
1083 939 1214 1024 quando

291 1072 354 1132 Iste
370 1058 493 1132 animus
504 1090 621 1156 supra,
635 1091 760 1133 mecum
774 1071 897 1157 partire
907 1071 1064 1138 laborem.

295 1210 407 1272 AEneas
418 1255 427 1284 ,
440 1224 476 1271 ut
487 1209 571 1274 fama
581 1208 678 1272 fidem
691 1208 842 1295 missique
856 1225 1027 1296 reportant

297 1346 541 1432 Exploratores,
559 1348 703 1433 equitum
715 1346 798 1414 levia
808 1347 976 1434 improbus
991 1369 1078 1412 arma

293 1487 466 1565 Praemisit,
481 1501 653 1572 quaterent
669 1509 814 1574 campos:
832 1487 920 1573 ipse,
939 1463 1038 1552 ardua
1052 1490 1173 1553 montis

294 1629 359 1688 Per
370 1625 496 1688 deserta
508 1627 588 1712 jugo
600 1647 754 1714 superans
768 1671 777 1703 ,
790 1624 943 1688 adventat
956 1626 997 1690 ad
1008 1626 1134 1690 urbem.

296 1767 393 1826 Furta
407 1787 487 1850 paro
502 1764 580 1828 belli
596 1787 741 1860 convexo
756 1766 791 1864 in
805 1764 935 1829 tramite
950 1763 1057 1843 silvae,

295 1907 337 1967 Ut
351 1902 452 1966 bivias
467 1919 592 1966 armato
607 1903 753 1968 obsidam
767 1902 869 1967 milite
883 1902 1001 1966 fauces.

292 2046 340 2104 Tu
350 2040 554 2132 Tyrrhenum
567 2039 709 2137 equitem
721 2039 845 2104 collatis
860 2016 971 2127 excipe
987 2039 1101 2125 signis3

293 2181 410 2241 Tecum
423 2199 496 2240 acer
507 2179 669 2263 Messapus
682 2177 760 2256 erit,
774 2193 952 2261 turmaeque
965 2177 1102 2255 latinae,

295 2315 494 2403 Tiburnique
508 2337 639 2379 manus:
653 2314 743 2378 ducis
755 2329 787 2378 et
798 2330 835 2378 tu
847 2315 981 2403 concipe
994 2337 1117 2379 curam.
1132 2344 1146 2374 s

297 2453 351 2518 Sic
365 2453 429 2529 ait,
447 2467 481 2516 ct
494 2451 626 2538 paribus
642 2455 821 2540 Messapum
835 2453 871 2516 in
886 2452 997 2539 praelia
1010 2452 1105 2518 dictis

296 2602 464 2677 Hortatur,
479 2595 648 2682 sociosque
660 2595 774 2672 duces3
792 2609 824 2658 et
835 2594 942 2681 pergit
952 2595 988 2690 in
999 2595 1136 2659 hostem.
1175 2607 1182 2632 ²

341 3222 396 3281 Est
410 3239 510 3282 curvo
525 3215 671 3280 anfractu
686 3216 802 3296 valles,
818 3215 1025 3280 accommoda
1039 3214 1144 3278 fraudi

298 3360 535 3452 armorumque
547 3355 648 3433 dolis;
662 3377 759 3442 quam
770 3355 877 3422 densis
887 3353 1057 3422 frondibus
1067 3367 1174 3418 atrum

297 3501 398 3584 Urget
409 3499 571 3585 utrimque
582 3499 684 3575 latus;
697 3496 803 3561 tenuis
817 3518 884 3582 quo
894 3495 1007 3560 semita
1017 3493 1125 3569 ducit,

295 3640 508 3722 Augustusque
522 3636 633 3700 ferunt
644 3635 767 3712 fauces,
787 3631 955 3720 aditusque
971 3631 1116 3717 maligni.

297 3775 388 3836 Hanc
399 3795 508 3859 super,
521 3772 555 3834 in
566 3774 718 3859 speculis,
732 3793 921 3859 summoque
932 3771 967 3834 in
978 3767 1101 3834 vertice
1113 3766 1255 3844 montis,

297 3908 449 3974 Planities
465 3912 575 3997 ignota
587 3913 689 3996 jacet,
704 3912 831 3998 tutique
845 3925 1014 3997 receptus,

297 4053 361 4114 Seu
376 4048 488 4114 dextra
505 4047 647 4136 levaque
662 4052 742 4116 velis
757 4073 929 4116 occurrere
945 4071 1082 4136 pugne,
