<?xml version="1.0" encoding="UTF-8"?>
<!DOCTYPE html PUBLIC "-//W3C//DTD XHTML 1.0 Transitional//EN"
    "http://www.w3.org/TR/xhtml1/DTD/xhtml1-transitional.dtd">
<html xmlns="http://www.w3.org/1999/xhtml" xml:lang="en" lang="en">
 <head>
  <title>
</title>
<meta http-equiv="Content-Type" content="text/html;charset=utf-8" />
  <meta name='ocr-system' content='tesseract 3.04.00' />
  <meta name='ocr-capabilities' content='ocr_page ocr_carea ocr_par ocr_line ocrx_word'/>
</head>
<body>
  <div class='ocr_page' id='page_1' title='image "./oeuvresdedelill00tissgoog_0048.png"; bbox 0 0 2924 4808; ppageno 0'>
   <div class='ocr_carea' id='block_1_1' title="bbox 268 485 1255 1548">
    <p class='ocr_par' dir='ltr' id='par_1_1' title="bbox 268 485 1255 709">
     <span class='ocr_line' id='line_1_1' title="bbox 268 485 1255 553; baseline -0.002 -1"><span class='ocrx_word' id='word_1_1' title='bbox 268 485 312 553; x_wconf 72' lang='grc'>’38</span> <span class='ocrx_word' id='word_1_2' title='bbox 489 485 717 549; x_wconf 82' lang='lat' dir='ltr'><strong>AENEIDOS</strong></span> <span class='ocrx_word' id='word_1_3' title='bbox 748 487 892 548; x_wconf 84' lang='lat' dir='ltr'>LlBER</span> <span class='ocrx_word' id='word_1_4' title='bbox 926 488 1029 548; x_wconf 90' lang='lat' dir='ltr'>Vlll.</span> <span class='ocrx_word' id='word_1_5' title='bbox 1164 489 1255 550; x_wconf 53' lang='lat' dir='ltr'>v³9⁸·</span> 
     </span>
     <span class='ocr_line' id='line_1_2' title="bbox 268 623 991 709; baseline 0 -23"><span class='ocrx_word' id='word_1_6' title='bbox 268 627 406 686; x_wconf 87' lang='lat' dir='ltr'>Exercet</span> <span class='ocrx_word' id='word_1_7' title='bbox 421 645 540 709; x_wconf 86' lang='lat' dir='ltr'>pensu,</span> <span class='ocrx_word' id='word_1_8' title='bbox 556 638 679 686; x_wconf 90' lang='lat' dir='ltr'>castum</span> <span class='ocrx_word' id='word_1_9' title='bbox 696 639 732 685; x_wconf 96' lang='lat' dir='ltr'>ut</span> <span class='ocrx_word' id='word_1_10' title='bbox 743 643 872 688; x_wconf 88' lang='lat' dir='ltr'>servare</span> <span class='ocrx_word' id='word_1_11' title='bbox 885 623 991 687; x_wconf 85' lang='lat' dir='ltr'>cubile</span> 
     </span>
    </p>

    <p class='ocr_par' dir='ltr' id='par_1_2' title="bbox 271 761 1013 850">
     <span class='ocr_line' id='line_1_3' title="bbox 271 761 1013 850; baseline 0.005 -27"><span class='ocrx_word' id='word_1_12' title='bbox 271 761 446 848; x_wconf 90' lang='lat' dir='ltr'>Conjugis,</span> <span class='ocrx_word' id='word_1_13' title='bbox 463 778 496 826; x_wconf 86' lang='lat' dir='ltr'>et</span> <span class='ocrx_word' id='word_1_14' title='bbox 506 764 609 850; x_wconf 88' lang='lat' dir='ltr'><strong>possit</strong></span> <span class='ocrx_word' id='word_1_15' title='bbox 621 786 740 850; x_wconf 86' lang='lat' dir='ltr'>parvos</span> <span class='ocrx_word' id='word_1_16' title='bbox 751 764 889 830; x_wconf 84' lang='lat' dir='ltr'>educere</span> <span class='ocrx_word' id='word_1_17' title='bbox 901 779 1013 828; x_wconf 83' lang='lat' dir='ltr'>natos:</span> 
     </span>
    </p>

    <p class='ocr_par' dir='ltr' id='par_1_3' title="bbox 269 899 1163 1128">
     <span class='ocr_line' id='line_1_4' title="bbox 269 899 1163 999; baseline 0.007 -37"><span class='ocrx_word' id='word_1_18' title='bbox 269 899 362 964; x_wconf 84' lang='lat' dir='ltr'>Haud</span> <span class='ocrx_word' id='word_1_19' title='bbox 377 923 467 964; x_wconf 90' lang='lat' dir='ltr'>secus</span> <span class='ocrx_word' id='word_1_20' title='bbox 479 903 684 989; x_wconf 81' lang='lat' dir='ltr'>ignipotens,</span> <span class='ocrx_word' id='word_1_21' title='bbox 697 925 759 967; x_wconf 89' lang='lat' dir='ltr'>nec</span> <span class='ocrx_word' id='word_1_22' title='bbox 771 918 918 990; x_wconf 88' lang='lat' dir='ltr'>tempore</span> <span class='ocrx_word' id='word_1_23' title='bbox 930 903 1059 990; x_wconf 84' lang='lat' dir='ltr'>segnior</span> <span class='ocrx_word' id='word_1_24' title='bbox 1073 903 1149 982; x_wconf 90' lang='lat' dir='ltr'>illo,</span> <span class='ocrx_word' id='word_1_25' title='bbox 1160 993 1163 999; x_wconf 44' lang='lat'>.</span> 
     </span>
     <span class='ocr_line' id='line_1_5' title="bbox 271 1040 1001 1128; baseline 0.001 -26"><span class='ocrx_word' id='word_1_26' title='bbox 271 1040 423 1104; x_wconf 85' lang='lat' dir='ltr'>Mollibus</span> <span class='ocrx_word' id='word_1_27' title='bbox 434 1063 452 1104; x_wconf 90' lang='lat' dir='ltr'>e</span> <span class='ocrx_word' id='word_1_28' title='bbox 465 1041 572 1104; x_wconf 90' lang='lat' dir='ltr'>stratis</span> <span class='ocrx_word' id='word_1_29' title='bbox 583 1064 684 1128; x_wconf 88' lang='lat' dir='ltr'>opera</span> <span class='ocrx_word' id='word_1_30' title='bbox 695 1041 736 1105; x_wconf 91' lang='lat' dir='ltr'>ad</span> <span class='ocrx_word' id='word_1_31' title='bbox 747 1041 875 1106; x_wconf 81' lang='lat' dir='ltr'>fabrilia</span> <span class='ocrx_word' id='word_1_32' title='bbox 887 1041 1001 1127; x_wconf 82' lang='lat' dir='ltr'>surgit.</span> 
     </span>
    </p>

    <p class='ocr_par' dir='ltr' id='par_1_4' title="bbox 270 1179 959 1266">
     <span class='ocr_line' id='line_1_6' title="bbox 270 1179 959 1266; baseline 0.004 -26"><span class='ocrx_word' id='word_1_33' title='bbox 270 1179 379 1242; x_wconf 91' lang='lat' dir='ltr'>lnsula</span> <span class='ocrx_word' id='word_1_34' title='bbox 389 1179 555 1244; x_wconf 87' lang='lat' dir='ltr'>Sicanium</span> <span class='ocrx_word' id='word_1_35' title='bbox 561 1183 654 1265; x_wconf 85' lang='lat' dir='ltr'>juxta</span> <span class='ocrx_word' id='word_1_36' title='bbox 666 1180 749 1244; x_wconf 85' lang='lat' dir='ltr'>latus</span> <span class='ocrx_word' id='word_1_37' title='bbox 760 1180 959 1266; x_wconf 85' lang='lat' dir='ltr'>AEoliamque</span> 
     </span>
    </p>

    <p class='ocr_par' dir='ltr' id='par_1_5' title="bbox 272 1317 1012 1405">
     <span class='ocr_line' id='line_1_7' title="bbox 272 1317 1012 1405; baseline 0.004 -25"><span class='ocrx_word' id='word_1_38' title='bbox 272 1318 416 1405; x_wconf 88' lang='lat' dir='ltr'>Erigitur</span> <span class='ocrx_word' id='word_1_39' title='bbox 427 1319 582 1405; x_wconf 84' lang='lat' dir='ltr'>Liparen,</span> <span class='ocrx_word' id='word_1_40' title='bbox 596 1317 795 1381; x_wconf 84' lang='lat' dir='ltr'>fumantibus</span> <span class='ocrx_word' id='word_1_41' title='bbox 806 1318 906 1382; x_wconf 90' lang='lat' dir='ltr'>ardua</span> <span class='ocrx_word' id='word_1_42' title='bbox 916 1320 1012 1396; x_wconf 80' lang='lat' dir='ltr'>saxis3</span> 
     </span>
    </p>

    <p class='ocr_par' dir='ltr' id='par_1_6' title="bbox 276 1430 1119 1548">
     <span class='ocr_line' id='line_1_8' title="bbox 276 1430 1119 1548; baseline 0 -26"><span class='ocrx_word' id='word_1_43' title='bbox 276 1463 382 1542; x_wconf 90' lang='lat' dir='ltr'>Quam</span> <span class='ocrx_word' id='word_1_44' title='bbox 393 1430 507 1524; x_wconf 77' lang='lat' dir='ltr'>subter</span> <span class='ocrx_word' id='word_1_45' title='bbox 520 1452 633 1548; x_wconf 84' lang='lat' dir='ltr'>specus</span> <span class='ocrx_word' id='word_1_46' title='bbox 645 1474 678 1523; x_wconf 91' lang='lat' dir='ltr'>et</span> <span class='ocrx_word' id='word_1_47' title='bbox 689 1459 871 1546; x_wconf 87' lang='lat' dir='ltr'>Cyclopum</span> <span class='ocrx_word' id='word_1_48' title='bbox 882 1482 975 1524; x_wconf 86' lang='lat' dir='ltr'>exesa</span> <span class='ocrx_word' id='word_1_49' title='bbox 986 1460 1119 1526; x_wconf 88' lang='lat' dir='ltr'>caminis</span> 
     </span>
    </p>
   </div>
   <div class='ocr_carea' id='block_1_2' title="bbox 275 1598 1108 1684">
    <p class='ocr_par' dir='ltr' id='par_1_7' title="bbox 275 1598 1108 1684">
     <span class='ocr_line' id='line_1_9' title="bbox 275 1598 1108 1684; baseline -0.005 -20"><span class='ocrx_word' id='word_1_50' title='bbox 275 1603 379 1670; x_wconf 67' lang='lat' dir='ltr'>Antra</span> <span class='ocrx_word' id='word_1_51' title='bbox 389 1603 510 1664; x_wconf 84' lang='lat' dir='ltr'>AEtnaea</span> <span class='ocrx_word' id='word_1_52' title='bbox 522 1615 656 1678; x_wconf 88' lang='lat' dir='ltr'>tonant,</span> <span class='ocrx_word' id='word_1_53' title='bbox 669 1598 831 1684; x_wconf 90' lang='lat' dir='ltr'>validique</span> <span class='ocrx_word' id='word_1_54' title='bbox 841 1598 1013 1662; x_wconf 85' lang='lat' dir='ltr'>incudibus</span> <span class='ocrx_word' id='word_1_55' title='bbox 1025 1598 1108 1662; x_wconf 89' lang='lat' dir='ltr'>ictus</span> 
     </span>
    </p>
   </div>
   <div class='ocr_carea' id='block_1_3' title="bbox 277 1738 1113 1826">
    <p class='ocr_par' dir='ltr' id='par_1_8' title="bbox 277 1738 1113 1826">
     <span class='ocr_line' id='line_1_10' title="bbox 277 1738 1113 1826; baseline -0.002 -24"><span class='ocrx_word' id='word_1_56' title='bbox 277 1738 389 1803; x_wconf 76' lang='lat' dir='ltr'>Auditi</span> <span class='ocrx_word' id='word_1_57' title='bbox 400 1739 549 1805; x_wconf 83' lang='lat' dir='ltr'>referunt</span> <span class='ocrx_word' id='word_1_58' title='bbox 559 1738 734 1826; x_wconf 75' lang='lat' dir='ltr'>gemitum,</span> <span class='ocrx_word' id='word_1_59' title='bbox 750 1738 957 1823; x_wconf 87' lang='lat' dir='ltr'>striduntque</span> <span class='ocrx_word' id='word_1_60' title='bbox 969 1739 1113 1802; x_wconf 86' lang='lat' dir='ltr'>cavernis</span> 
     </span>
    </p>
   </div>
   <div class='ocr_carea' id='block_1_4' title="bbox 280 1875 1254 2102">
    <p class='ocr_par' dir='ltr' id='par_1_9' title="bbox 280 1875 1254 2102">
     <span class='ocr_line' id='line_1_11' title="bbox 280 1875 1148 1962; baseline -0.003 -22"><span class='ocrx_word' id='word_1_61' title='bbox 280 1875 449 1941; x_wconf 83' lang='lat' dir='ltr'>Stricturae</span> <span class='ocrx_word' id='word_1_62' title='bbox 460 1875 651 1961; x_wconf 80' lang='lat' dir='ltr'>chalybum,</span> <span class='ocrx_word' id='word_1_63' title='bbox 663 1891 699 1938; x_wconf 89' lang='lat' dir='ltr'>et</span> <span class='ocrx_word' id='word_1_64' title='bbox 709 1875 895 1939; x_wconf 84' lang='lat' dir='ltr'>fornacibus</span> <span class='ocrx_word' id='word_1_65' title='bbox 905 1876 988 1962; x_wconf 91' lang='lat' dir='ltr'>ignis</span> <span class='ocrx_word' id='word_1_66' title='bbox 1000 1876 1148 1940; x_wconf 88' lang='lat' dir='ltr'>anhelat:</span> 
     </span>
     <span class='ocr_line' id='line_1_12' title="bbox 280 1967 1254 2102; baseline 0.001 -16"><span class='ocrx_word' id='word_1_67' title='bbox 280 2022 416 2086; x_wconf 86' lang='lat' dir='ltr'>Vulcani</span> <span class='ocrx_word' id='word_1_68' title='bbox 427 2024 560 2102; x_wconf 90' lang='lat' dir='ltr'>domus,</span> <span class='ocrx_word' id='word_1_69' title='bbox 574 2040 607 2088; x_wconf 88' lang='lat' dir='ltr'>et</span> <span class='ocrx_word' id='word_1_70' title='bbox 616 2024 770 2088; x_wconf 86' lang='lat' dir='ltr'>Vulcania</span> <span class='ocrx_word' id='word_1_71' title='bbox 782 2026 914 2090; x_wconf 88' lang='lat' dir='ltr'>nomine</span> <span class='ocrx_word' id='word_1_72' title='bbox 928 2024 1032 2088; x_wconf 88' lang='lat' dir='ltr'>tellus.</span> <span class='ocrx_word' id='word_1_73' title='bbox 1251 1967 1254 2010; x_wconf 49' lang='grc' dir='ltr'>Ι</span> 
     </span>
    </p>
   </div>
   <div class='ocr_carea' id='block_1_5' title="bbox 282 2163 1057 2252">
    <p class='ocr_par' dir='ltr' id='par_1_10' title="bbox 282 2163 1057 2252">
     <span class='ocr_line' id='line_1_13' title="bbox 282 2163 1057 2252; baseline 0.005 -26"><span class='ocrx_word' id='word_1_74' title='bbox 282 2167 352 2226; x_wconf 90' lang='lat' dir='ltr'>Hoc</span> <span class='ocrx_word' id='word_1_75' title='bbox 366 2179 443 2228; x_wconf 92' lang='lat' dir='ltr'>tunc</span> <span class='ocrx_word' id='word_1_76' title='bbox 452 2164 639 2252; x_wconf 87' lang='lat' dir='ltr'>ignipotens</span> <span class='ocrx_word' id='word_1_77' title='bbox 651 2165 734 2228; x_wconf 90' lang='lat' dir='ltr'>coelo</span> <span class='ocrx_word' id='word_1_78' title='bbox 747 2164 914 2230; x_wconf 90' lang='lat' dir='ltr'>descendit</span> <span class='ocrx_word' id='word_1_79' title='bbox 924 2165 964 2229; x_wconf 91' lang='lat' dir='ltr'>ab</span> <span class='ocrx_word' id='word_1_80' title='bbox 977 2163 1057 2230; x_wconf 69' lang='lat' dir='ltr'>alte.</span> 
     </span>
    </p>
   </div>
   <div class='ocr_carea' id='block_1_6' title="bbox 333 3161 1121 3254">
    <p class='ocr_par' dir='ltr' id='par_1_11' title="bbox 333 3161 1121 3254">
     <span class='ocr_line' id='line_1_14' title="bbox 333 3161 1121 3254; baseline 0.003 -24"><span class='ocrx_word' id='word_1_81' title='bbox 333 3163 468 3230; x_wconf 86' lang='lat' dir='ltr'>Ferrum</span> <span class='ocrx_word' id='word_1_82' title='bbox 480 3161 677 3230; x_wconf 85' lang='lat' dir='ltr'>exercebant</span> <span class='ocrx_word' id='word_1_83' title='bbox 687 3181 776 3230; x_wconf 88' lang='lat' dir='ltr'>vasto</span> <span class='ocrx_word' id='word_1_84' title='bbox 789 3165 949 3254; x_wconf 87' lang='lat' dir='ltr'>Cyclopes</span> <span class='ocrx_word' id='word_1_85' title='bbox 959 3168 994 3230; x_wconf 91' lang='lat' dir='ltr'>in</span> <span class='ocrx_word' id='word_1_86' title='bbox 1006 3182 1121 3246; x_wconf 73' lang='lat' dir='ltr'>alitro,</span> 
     </span>
    </p>
   </div>
   <div class='ocr_carea' id='block_1_7' title="bbox 289 3307 1294 3392">
    <p class='ocr_par' dir='ltr' id='par_1_12' title="bbox 289 3307 1294 3392">
     <span class='ocr_line' id='line_1_15' title="bbox 289 3307 1294 3392; baseline -0.003 -23"><span class='ocrx_word' id='word_1_87' title='bbox 289 3310 510 3392; x_wconf 82' lang='lat' dir='ltr'>Brontesque,</span> <span class='ocrx_word' id='word_1_88' title='bbox 529 3309 765 3392; x_wconf 85' lang='lat' dir='ltr'>Steropesque,</span> <span class='ocrx_word' id='word_1_89' title='bbox 780 3322 812 3370; x_wconf 87' lang='lat' dir='ltr'>et</span> <span class='ocrx_word' id='word_1_90' title='bbox 825 3307 931 3371; x_wconf 91' lang='lat' dir='ltr'>nudus</span> <span class='ocrx_word' id='word_1_91' title='bbox 942 3309 1088 3380; x_wconf 89' lang='lat' dir='ltr'>membra</span> <span class='ocrx_word' id='word_1_92' title='bbox 1100 3312 1294 3392; x_wconf 83' lang='lat' dir='ltr'>Pyracmon.</span> 
     </span>
    </p>
   </div>
   <div class='ocr_carea' id='block_1_8' title="bbox 189 3441 1081 3673">
    <p class='ocr_par' dir='ltr' id='par_1_13' title="bbox 189 3441 1081 3673">
     <span class='ocr_line' id='line_1_16' title="bbox 292 3441 1058 3532; baseline 0.008 -29"><span class='ocrx_word' id='word_1_93' title='bbox 292 3441 349 3504; x_wconf 87' lang='lat' dir='ltr'>llis</span> <span class='ocrx_word' id='word_1_94' title='bbox 359 3443 567 3508; x_wconf 86' lang='lat' dir='ltr'>informatum</span> <span class='ocrx_word' id='word_1_95' title='bbox 580 3445 744 3522; x_wconf 91' lang='lat' dir='ltr'>manibus,</span> <span class='ocrx_word' id='word_1_96' title='bbox 754 3447 821 3529; x_wconf 83' lang='lat' dir='ltr'>jam</span> <span class='ocrx_word' id='word_1_97' title='bbox 832 3446 926 3532; x_wconf 54' lang='lat' dir='ltr'>‘parte</span> <span class='ocrx_word' id='word_1_98' title='bbox 939 3446 1058 3532; x_wconf 90' lang='lat' dir='ltr'>polita,</span> 
     </span>
     <span class='ocr_line' id='line_1_17' title="bbox 189 3579 1081 3673; baseline 0.009 -35"><span class='ocrx_word' id='word_1_99' title='bbox 189 3631 191 3638; x_wconf 53' lang='lat'>.</span> <span class='ocrx_word' id='word_1_100' title='bbox 291 3579 427 3645; x_wconf 89' lang='lat' dir='ltr'>Fulmen</span> <span class='ocrx_word' id='word_1_101' title='bbox 439 3600 525 3662; x_wconf 82' lang='lat' dir='ltr'>erat,</span> <span class='ocrx_word' id='word_1_102' title='bbox 540 3600 610 3650; x_wconf 90' lang='lat' dir='ltr'>toto</span> <span class='ocrx_word' id='word_1_103' title='bbox 623 3586 753 3672; x_wconf 87' lang='lat' dir='ltr'>genitor</span> <span class='ocrx_word' id='word_1_104' title='bbox 764 3609 835 3672; x_wconf 85' lang='lat' dir='ltr'>quae</span> <span class='ocrx_word' id='word_1_105' title='bbox 849 3586 988 3673; x_wconf 89' lang='lat' dir='ltr'>plurima</span> <span class='ocrx_word' id='word_1_106' title='bbox 999 3584 1081 3650; x_wconf 86' lang='lat' dir='ltr'>coelo</span> 
     </span>
    </p>
   </div>
   <div class='ocr_carea' id='block_1_9' title="bbox 292 3721 1050 3956">
    <p class='ocr_par' dir='ltr' id='par_1_14' title="bbox 292 3721 1050 3956">
     <span class='ocr_line' id='line_1_18' title="bbox 292 3721 1050 3815; baseline 0.013 -33"><span class='ocrx_word' id='word_1_107' title='bbox 292 3721 412 3803; x_wconf 91' lang='lat' dir='ltr'>Dejicit</span> <span class='ocrx_word' id='word_1_108' title='bbox 421 3723 455 3785; x_wconf 92' lang='lat' dir='ltr'>in</span> <span class='ocrx_word' id='word_1_109' title='bbox 467 3737 588 3804; x_wconf 86' lang='lat' dir='ltr'>terras,</span> <span class='ocrx_word' id='word_1_110' title='bbox 603 3751 677 3814; x_wconf 92' lang='lat' dir='ltr'>pars</span> <span class='ocrx_word' id='word_1_111' title='bbox 687 3730 877 3815; x_wconf 87' lang='lat' dir='ltr'>imperfecta</span> <span class='ocrx_word' id='word_1_112' title='bbox 888 3731 1050 3794; x_wconf 87' lang='lat' dir='ltr'>manebat.</span> 
     </span>
     <span class='ocr_line' id='line_1_19' title="bbox 293 3860 1048 3956; baseline 0.02 -37"><span class='ocrx_word' id='word_1_113' title='bbox 293 3861 371 3920; x_wconf 84' lang='lat' dir='ltr'>Tres</span> <span class='ocrx_word' id='word_1_114' title='bbox 382 3860 496 3925; x_wconf 89' lang='lat' dir='ltr'>imbris</span> <span class='ocrx_word' id='word_1_115' title='bbox 508 3865 587 3926; x_wconf 88' lang='lat' dir='ltr'>torti</span> <span class='ocrx_word' id='word_1_116' title='bbox 598 3867 722 3946; x_wconf 87' lang='lat' dir='ltr'>radios,</span> <span class='ocrx_word' id='word_1_117' title='bbox 737 3885 802 3932; x_wconf 88' lang='lat' dir='ltr'>tres</span> <span class='ocrx_word' id='word_1_118' title='bbox 813 3870 910 3933; x_wconf 90' lang='lat' dir='ltr'>nubis</span> <span class='ocrx_word' id='word_1_119' title='bbox 921 3893 1048 3956; x_wconf 77' lang='lat' dir='ltr'>aquosae</span> 
     </span>
    </p>
   </div>
   <div class='ocr_carea' id='block_1_10' title="bbox 295 3996 1050 4090">
    <p class='ocr_par' dir='ltr' id='par_1_15' title="bbox 295 3996 1050 4090">
     <span class='ocr_line' id='line_1_20' title="bbox 295 3996 1050 4090; baseline 0.008 -30"><span class='ocrx_word' id='word_1_120' title='bbox 295 3996 496 4062; x_wconf 74' lang='lat' dir='ltr'>Addiderant</span> <span class='ocrx_word' id='word_1_121' title='bbox 503 4045 512 4077; x_wconf 90' lang='lat'><em>‚</em></span> <span class='ocrx_word' id='word_1_122' title='bbox 526 4001 617 4064; x_wconf 88' lang='lat' dir='ltr'>rutili</span> <span class='ocrx_word' id='word_1_123' title='bbox 629 4017 693 4066; x_wconf 91' lang='lat' dir='ltr'>tres</span> <span class='ocrx_word' id='word_1_124' title='bbox 703 4005 786 4090; x_wconf 86' lang='lat' dir='ltr'>ignis</span> <span class='ocrx_word' id='word_1_125' title='bbox 798 4017 831 4067; x_wconf 93' lang='lat' dir='ltr'>et</span> <span class='ocrx_word' id='word_1_126' title='bbox 841 4004 925 4068; x_wconf 88' lang='lat' dir='ltr'>alitis</span> <span class='ocrx_word' id='word_1_127' title='bbox 937 4005 1050 4070; x_wconf 88' lang='lat' dir='ltr'>austri.</span> 
     </span>
    </p>
   </div>
   <div class='ocr_carea' id='block_1_11' title="bbox 295 4137 1201 4231">
    <p class='ocr_par' dir='ltr' id='par_1_16' title="bbox 295 4137 1201 4231">
     <span class='ocr_line' id='line_1_21' title="bbox 295 4137 1201 4231; baseline 0.007 -29"><span class='ocrx_word' id='word_1_128' title='bbox 295 4137 451 4225; x_wconf 82' lang='lat' dir='ltr'>Fulgores</span> <span class='ocrx_word' id='word_1_129' title='bbox 461 4165 548 4205; x_wconf 91' lang='lat' dir='ltr'>nunc</span> <span class='ocrx_word' id='word_1_130' title='bbox 560 4144 739 4222; x_wconf 79' lang='lat' dir='ltr'>terrificoS,</span> <span class='ocrx_word' id='word_1_131' title='bbox 754 4145 979 4230; x_wconf 86' lang='lat' dir='ltr'>sonitumque,</span> <span class='ocrx_word' id='word_1_132' title='bbox 994 4160 1201 4231; x_wconf 74' lang='lat' dir='ltr'>tiletumque,</span> 
     </span>
    </p>
   </div>
   <div class='ocr_carea' id='block_1_12' title="bbox 0 0 1503 4808">
    <p class='ocr_par' dir='ltr' id='par_1_17' title="bbox 0 0 1503 4808">
     <span class='ocr_line' id='line_1_22' title="bbox 0 0 1503 4808; baseline 0 0"><span class='ocrx_word' id='word_1_133' title='bbox 0 0 1503 4808; x_wconf 95' lang='lat' dir='ltr'> </span> 
     </span>
    </p>
   </div>
  </div>
 </body>
</html>
