3004 4804
291 418 352 479 238
538 413 769 476 AENElDOS
799 415 944 477 LIBER
973 415 1012 478 X.
1177 414 1269 469 ιω·

291 557 338 619 Ad
354 555 469 619 coelum
485 551 590 615 tendit
603 551 739 637 palmas,
755 567 788 614 et
802 573 940 638 corpore
954 551 1109 620 inhaeret:

292 721 306 750 a
319 697 461 756 Tantane
477 711 528 752 me
544 686 649 752 tenuit
662 686 809 765 vivendi,
825 705 916 767 nate,
934 690 1101 778 voluptas,

290 837 333 897 Ut
347 852 409 917 pro
424 851 475 893 me
491 827 599 891 hostili
613 842 742 915 paterer
757 828 928 892 succedere
943 830 1063 894 dextrae

291 981 396 1060 Quem
408 963 520 1058 genui3
534 985 631 1032 tuane
642 968 709 1032 haec
721 968 851 1054 genitor
862 991 923 1056 per
934 969 1067 1036 vulnera
1079 993 1203 1048 servor,

291 1121 394 1178 Morte
404 1127 459 1175 tua
469 1107 600 1175 vivens?
611 1107 691 1172 heu!
705 1129 793 1171 nunc
804 1108 923 1172 misero
935 1107 1013 1172 mibi
1024 1109 1152 1173 demum

291 1239 442 1314 Eisilium
455 1245 584 1321 infelix,
599 1265 687 1306 nunc
702 1243 766 1306 alte
782 1243 899 1308 vulnus
913 1246 1077 1310 adactum!

292 1393 379 1456 ldcm
392 1411 467 1474 ego,
480 1400 570 1461 nate,
585 1398 675 1446 tuum
687 1381 843 1446 maculavi
854 1381 988 1446 crimine
999 1405 1136 1460 nomen,

292 1531 406 1596 Pulsus
421 1527 463 1590 ob
477 1522 630 1586 invidiam
645 1519 727 1583 solio
744 1521 943 1608 sceptrisque
959 1521 1111 1608 paternis.

291 1666 474 1732 Debueram
489 1657 603 1746 patric-
614 1677 725 1742 poenas
740 1657 886 1744 odiisque
903 1679 1071 1732 meorum:

293 1808 415 1868 Omnes
424 1819 484 1886 per
495 1809 616 1860 mortes
626 1794 765 1858 adunam
776 1810 904 1858 sontem
915 1796 984 1881 ip'se
995 1795 1160 1860 dedissem.

293 1948 385 2007 Nunc
396 1939 487 2014 vivo;
500 1955 606 2020 neque
617 1931 721 1996 adhuc
732 1931 879 1996 homines
889 1933 1058 2019 lucemque
1069 1934 1217 2020 relinquo
1231 1939 1237 1993 l

294 2081 357 2148 Sed
368 2080 523 2163 linquam.
538 2102 552 2130 r>
567 2070 669 2136 Simul
681 2071 742 2134 boc
754 2071 863 2134 diceus
875 2070 993 2134 attollit
1007 2071 1041 2133 in
1052 2094 1172 2158 aegrum

294 2225 336 2286 Se
351 2219 454 2282 femur
467 2240 475 2290 3
492 2227 524 2276 et
539 2231 720 2296 quanquam
735 2208 783 2271 vis
797 2207 863 2270 alto
878 2205 1011 2270 vulnere
1029 2206 1151 2284 tardat,
1179 2225 1184 2236 ·

296 2351 387 2418 Haud
396 2351 556 2434 dejectus,
569 2365 688 2430 equum
698 2341 773 2408 duci
779 2342 886 2425 jubet.
900 2345 970 2406 lloc
980 2341 1077 2408 decus
1088 2342 1134 2406 illi
1143 2343 1181 2419 ¹⁸,

297 2500 365 2559 lloc
381 2491 523 2557 solamen
538 2499 624 2561 eret3
641 2483 734 2548 bellis
749 2483 811 2547 boc
826 2481 931 2547 victor
945 2483 1055 2551 abibat

298 2634 468 2700 Omnibus.
482 2627 666 2714 Alloquitur
678 2639 887 2701 moerentem,
903 2637 935 2686 et
947 2622 1063 2686 talibus
1074 2621 1144 2686 infit
1156 2650 1162 2685 :

307 3799 321 3828 ιι
334 3766 476 3843 Rhoebe,
491 3765 545 3828 diu
560 3765 632 3851 (res
647 3765 673 3828 si
688 3787 749 3850 qua
765 3765 820 3827 diu
837 3764 1025 3828 mortalibus
1039 3761 1102 3826 ulla
1118 3759 1186 3848 est)

303 3905 466 3969 Viximus:
482 3915 537 3965 aut
553 3902 648 3967 hodic
663 3905 767 3968 victor
781 3901 882 3988 spolia
896 3902 951 3966 illa
965 3917 1103 3986 cruenta

307 4045 345 4105 Et
359 4056 454 4126 caput
470 4041 576 4104 AEueae
591 4040 728 4118 referes,
743 4035 899 4120 [ausique
912 4037 1063 4102 dolorum
