2982 4810
324 389 382 452 tet
553 385 771 449 AENEIDOS
801 385 941 448 LIBER
976 387 1059 450 ΧΗ.
1214 403 1239 433 v.
1255 403 1305 434 roo.

322 529 470 592 Vibratos
484 526 586 590 calido
599 526 704 622 ferre,
719 524 913 610 myrrhaque
926 525 1102 589 madentes.

366 1197 421 1260 His
433 1198 538 1282 agitur
551 1197 656 1273 furiis,
678 1211 811 1282 totoque
827 1196 977 1262 ardentes
987 1199 1028 1261 ab
1045 1221 1103 1262 ore

320 1334 474 1400 Scintillae
484 1335 660 1412 absistunt3
676 1334 777 1398 oculis
790 1335 886 1399 micat
896 1335 1022 1400 acribus
1035 1337 1133 1423 ignis:

320 1475 457 1560 Mugitus
470 1473 570 1536 veluti
582 1495 681 1557 quum
694 1473 798 1559 prima
809 1474 843 1537 in
857 1473 964 1560 praelia
981 1488 1091 1538 taurus

317 1612 486 1676 Terrificos
501 1615 581 1690 ciet,
598 1626 694 1697 atque
708 1611 801 1675 irasci
816 1611 851 1674 in
867 1634 989 1676 cornua
1005 1627 1130 1688 tentat,

320 1752 453 1816 Arboris
467 1753 604 1818 obnixus
621 1768 753 1828 trunco,
771 1764 949 1835 ventosque
966 1749 1092 1814 lacessit

320 1888 457 1966 lctibus,
476 1907 508 1953 et
523 1911 628 1976 sparsa
645 1891 685 1954 ad
700 1913 841 1976 pugnam
857 1889 1002 1976 proludit
1018 1911 1127 1952 arena.

366 2128 430 2186 Nec
445 2127 549 2186 minus
563 2125 685 2185 interea
700 2125 853 2187 maternis
869 2146 969 2188 saevus
983 2125 1017 2186 in
1031 2125 1128 2187 armis

320 2264 433 2324 AEneas
447 2259 532 2322 acuit
548 2273 703 2336 martem,
721 2274 753 2322 et
771 2281 804 2322 se
821 2257 952 2323 suscitat
967 2261 1032 2337 ira,

323 2397 442 2462 Oblato
455 2397 596 2484 gaudens
609 2397 762 2484 componi
775 2396 896 2462 foedere
910 2373 1045 2463 beilum.

319 2539 401 2600 Tum
415 2537 517 2600 socios
529 2534 698 2620 moeetique
713 2550 835 2600 metum
850 2535 972 2602 solatur
983 2535 1062 2614 Iuli,

321 2678 396 2738 Fata
408 2675 545 2749 docena3
560 2673 693 2758 regique
703 2674 798 2756 jubet
811 2693 963 2759 responsa
980 2674 1097 2738 latino

320 2816 415 2878 Certa
428 2814 551 2877 referre
564 2813 668 2889 viros,
688 2827 721 2874 et
734 2812 820 2898 pacis
836 2813 942 2876 dicere
956 2811 1055 2899 leges.

366 3208 500 3267 Postera
514 3202 564 3263 vix
578 3222 717 3264 summos
729 3177 899 3286 spargebat
914 3200 1034 3264 lumine
1049 3215 1176 3265 montes

322 3341 404 3401 Orta
418 3339 504 3416 dies,
518 3359 618 3424 quum
628 3336 770 3423 primum
780 3335 846 3400 alto
858 3357 891 3400 se
902 3335 1029 3421 gurgite
1040 3335 1161 3403 tollunt

321 3472 406 3537 Solis
420 3477 512 3560 equi,
531 3475 699 3560 lucemque
713 3471 803 3535 elatis
818 3472 950 3536 naribus
964 3470 1075 3537 efflant
1089 3497 1097 3535 ε
1159 3463 1161 3470 ’

320 3615 475 3698 Campum
491 3613 531 3674 ad
547 3629 728 3688 certamen,
741 3631 864 3697 magnae
879 3611 939 3674 sub
954 3610 1112 3675 moenibus
1128 3611 1237 3687 urbis,

320 3750 464 3818 Dimensi
479 3722 654 3838 Rutulique
667 3751 729 3815 viri
743 3752 921 3836 Teucrique
934 3752 1092 3839 parabant
1105 3777 1112 3827 3

317 3894 354 3952 ln
370 3889 541 3974 medioque
556 3889 663 3967 focos,
677 3905 714 3971 et
724 3888 774 3952 dis
785 3889 1010 3956 communibus
1020 3911 1091 3954 aras

317 4027 523 4105 Gramineas;
540 4027 594 4090 alii
608 4028 796 4111 fontemque
810 4025 985 4113 ignemque
998 4029 1165 4104 ferebant,
1251 4051 1252 4055 ¹
