2894 4812
296 433 356 506 ni
535 385 1027 502 nnnruosurnnnxl.
1184 426 1270 473 *¹¹³³

294 573 449 632 Erravere
460 568 567 653 jugie:
584 567 673 630 ferro
689 580 782 630 sonet
795 565 859 628 ictu
872 564 1005 650 bipenni

296 709 466 782 Fraxinus3
481 719 632 769 evertunt
646 719 732 768 actus
746 701 786 765 ud
800 701 904 765 sidera
918 701 1030 788 pinue3

297 845 427 908 Robora
439 865 500 906 nee
515 841 623 907 cuneis
638 841 824 934 uenientem
839 839 984 908 scindere
1001 839 1153 916 cedrum,

301 986 364 1050 Nee
379 981 529 1067 plaustris
543 997 666 1046 cessant
680 997 808 1056 vectare
821 979 1025 1067 gementibus
1039 1000 1149 1052 omne.

352 2168 392 2227 Et
400 2167 468 2248 jam
482 2166 564 2230 famu
579 2165 710 2242 volans,
727 2167 810 2229 tanti
822 2167 1002 2253 prenuntia
1016 2165 1141 2246 luctus,

308 2302 492 2375 Evandrum
505 2302 711 2390 Evandrique
721 2304 834 2370 domos
845 2321 878 2370 et
888 2307 1004 2371 moenia
1014 2306 1174 2394 complet,

309 2444 389 2524 Quoe
403 2440 502 2510 modo
516 2441 673 2506 rictorem
689 2441 779 2508 Latio
794 2441 941 2509 Pallanta
954 2443 1089 2506 ferebat.

309 2578 448 2648 Arcades
459 2580 499 2644 ad
509 2596 621 2670 portas
634 2601 749 2659 ruere3
766 2595 800 2646 et
810 2581 850 2646 de
861 2601 952 2649 more
963 2593 1093 2652 vetusto

309 2716 470 2780 Funerens
480 2739 618 2804 rapuere
633 2719 717 2782 faces
729 2742 736 2780 =
750 2717 837 2781 lucet
850 2717 900 2780 vie
915 2715 1015 2803 longo

311 2853 436 2926 Ordine
448 2853 665 2930 flammarum,
680 2869 713 2918 et
721 2855 785 2918 late
797 2854 995 2923 discriminat
1005 2875 1112 2940 agree.

314 3252 438 3318 Contra
447 3253 545 3317 turba
554 3252 721 3339 Phrygum
731 3253 864 3320 veniens
873 3252 1059 3340 plangentia
1064 3255 1209 3338 jungunt

313 3393 460 3479 Agmine.
474 3397 555 3479 Quoe
568 3408 742 3482 postquam
755 3409 874 3458 matres
887 3393 1057 3458 euceedere
1069 3393 1164 3456 tectis

315 3531 490 3610 Viderunt,
502 3550 647 3602 moestem
660 3532 841 3598 incendunt
851 3531 1043 3604 elamoribus
1054 3530 1182 3599 urbem.¹
1254 3585 1259 3601 ,

317 3911 358 3973 dt
368 3932 435 3974 non
446 3908 630 3974 Evandrum
640 3910 726 3998 potis
737 3924 784 3973 est
797 3910 844 3973 vis
856 3908 921 3972 ulia
932 3910 1065 3974 tenere⁴
1077 3935 1084 3988 ;

319 4047 383 4120 Sed
396 4047 528 4114 venitin
539 4048 660 4114 medios
672 4075 680 4126 ;
693 4050 814 4114 feretro
829 4046 974 4114 Pallanta
990 4061 1120 4134 reposto
