2952 4812
320 364 381 425 tro
551 368 779 434 AEttttlnos
811 372 949 433 LIBER
980 375 1064 434 ΧΗ.
1214 380 1304 434 ιω.

315 516 450 578 Tantum
461 515 574 595 effatu,
588 533 684 604 ceput
694 519 808 605 glauco
819 523 964 586 contexit
975 524 1112 604 amictu,

316 650 414 714 Multa
424 623 572 738 gemens,
587 669 620 718 et
630 677 663 718 se
675 656 774 722 fluvio
785 656 845 722 det
855 657 1002 728 condidit
1013 660 1090 725 alto.

358 1246 471 1306 AEneas
480 1245 579 1308 instat
588 1260 720 1322 contra,
734 1245 900 1332 telumque
914 1265 1066 1312 coruscet

314 1383 449 1466 Ingens,
464 1381 652 1461 arboreum,
667 1397 700 1446 et
711 1373 795 1448 saevo
807 1383 852 1447 sic
865 1400 1000 1471 pectore
1012 1385 1120 1456 fatur:

317 1544 331 1572 ι
342 1519 421 1599 Quae
428 1517 1342 1608 nnncdeindemoraestiautquidjamffumessetroctns?

315 1655 387 1716 Non
399 1675 494 1718 cursu
501 1702 511 1733 ‚
524 1655 613 1718 sceris
625 1655 813 1721 certandum
825 1672 874 1721 est
885 1657 1030 1722 cominus
1042 1657 1155 1736 armis,

315 1795 414 1856 Verte
424 1815 537 1857 omnes
547 1809 614 1858 tete
625 1794 661 1859 in
672 1793 782 1874 facies,
796 1810 829 1858 et
843 1794 999 1859 contrahe
1010 1794 1171 1882 quidquid

317 1931 391 1995 Sive
402 1933 515 1996 animis
522 1980 531 2011 ‚
546 1933 611 1997 sive
623 1949 709 2012 arte,
723 1934 826 2008 vales3
840 1949 917 2021 opta
928 1933 1028 1998 ardua
1039 1935 1156 2021 pennis

316 2073 410 2136 Astra
425 2074 515 2160 sequi
523 2121 533 2152 ,
551 2074 758 2160 clausumque
773 2095 849 2137 cave
865 2088 897 2137 te
912 2072 1054 2136 condere
1068 2086 1167 2134 terro.
1182 2099 1197 2128 ι

316 2211 394 2289 llle,
412 2227 509 2298 caput
523 2234 674 2298 quassans
689 2235 696 2272 ι
713 2239 727 2267 ι
745 2215 819 2274 Νοιι
834 2232 885 2274 me
901 2225 956 2272 tua
970 2208 1092 2274 fervida
1107 2222 1231 2273 terrent

319 2347 431 2427 Dicta,
448 2349 558 2426 ferox3
576 2350 609 2413 di
623 2371 675 2412 me
690 2362 817 2412 terrent
833 2362 866 2412 et
879 2347 1009 2434 Jupiter
1023 2345 1135 2411 hostis.
1150 2372 1165 2402 ι

319 2491 385 2551 Neo
398 2473 493 2575 plura
509 2487 640 2566 effatus,
658 2510 768 2552 saxum
783 2483 1001 2573 circumspicit
1015 2485 1149 2570 ingens,

321 2629 438 2690 Saxum
452 2628 641 2712 antiquum,
658 2625 792 2712 ingens,
810 2621 1027 2712 campoquod
1041 2623 1126 2686 forte
1138 2622 1284 2707 jacebat²

303 2847 306 2854 Ι
321 2766 424 2829 Limes
438 2787 516 2851 agro
531 2765 672 2852 positus,
689 2763 781 2828 litem
796 2779 833 2830 ut
846 2762 1045 2830 discerneret
1059 2761 1154 2832 orvis.

322 2902 381 2965 Vix
395 2901 476 2965 iltud
492 2902 568 2966 lecti
581 2902 631 2966 bis
646 2925 701 2966 sex
716 2903 841 2968 cervice
857 2903 1023 2979 subirent,

322 3041 437 3123 Qualia
450 3062 538 3104 nuno
552 3041 721 3106 hominum
733 3041 886 3128 producit
900 3063 1039 3126 corporo
1056 3039 1162 3105 telius.

321 3179 379 3242 llie
395 3201 493 3244 manu
507 3194 673 3266 rumptum
688 3180 815 3266 trepida
828 3180 1003 3264 torquebat
1016 3177 1052 3241 in
1066 3179 1215 3256 hostem,

322 3318 427 3384 Altior
439 3320 627 3409 insurgens,
643 3335 676 3384 et
691 3343 787 3385 cursu
800 3319 963 3393 concitus,
980 3318 1087 3382 heros.

324 3458 388 3523 Sed
402 3479 508 3546 neque
523 3476 709 3526 currentem
725 3481 778 3537 se,
794 3481 855 3522 nec
870 3457 1036 3544 cognoscit
1049 3471 1201 3533 euntem,

322 3593 544 3660 Tollentemve
559 3619 676 3675 manu,
693 3617 865 3681 saxumque
879 3594 1018 3658 immone
1032 3606 1234 3692 moventem.

322 3737 437 3800 Genua
451 3735 582 3812 labant3
600 3736 723 3823 gelidus
737 3735 903 3800 concrevit
916 3733 1038 3819 frigore
1054 3737 1196 3817 sanguis.

321 3875 400 3935 Tum
416 3872 496 3959 lapis
509 3873 577 3959 ipse
593 3874 674 3953 viri,
691 3898 827 3940 vacuum
842 3897 901 3961 per
917 3872 1179 3948 innnovolutus,

321 4013 386 4073 Nec
402 4013 539 4096 spritium
556 4014 654 4076 evasit
671 4028 793 4091 totum,
810 4023 871 4078 'neo
887 4011 1022 4101 pertulit
1036 4011 1150 4076 ictum.
