2872 4816
285 384 345 442 rut
525 339 1031 439 nuuloos'trnuurx.
1181 359 1269 433 ..su

281 519 429 602 Desuper
441 513 595 577 Ausonias
607 513 690 576 acies
704 513 883 598 urbemque
896 511 1057 588 videbam

283 654 376 718 Nube
392 649 522 728 sedens,
536 664 634 736 atque
648 645 697 714 his
708 652 866 716 victorem
879 651 997 714 affatur
1011 647 1137 712 iulum}

285 818 299 848 «ι
321 793 423 880 Macte
432 811 517 853 nova
528 789 667 868 virtute,
680 810 778 877 puer;
796 790 841 854 sic
852 791 918 852 itur
930 761 971 852 ad
981 803 1086 864 astra,¹
1114 869 1116 878 Α

285 927 342 992 Dis
353 928 478 1014 genite,
493 942 527 990 et
537 929 686 1014 geniture
698 928 791 994 deost
802 933 876 1014 jure
888 919 1092 996 omniabella

286 1071 393 1133 Gente
405 1069 464 1131 sub
476 1066 619 1132 Assaraci
633 1065 698 1131 fato
710 1082 847 1132 venture
859 1066 1019 1132 resident:

289 1207 354 1267 Nec
369 1219 401 1266 te
412 1195 508 1288 'i'roja
518 1187 645 1289 capiti»
662 1203 764 1268 Simul
774 1203 842 1268 herc
855 1204 988 1283 effatus,
1001 1205 1042 1268 ab
1053 1203 1123 1268 alto
1284 1213 1302 1248 ⁸

288 1340 419 1405 AEthere
434 1364 468 1405 se
482 1341 600 1420 mittit,
613 1341 773 1428 spirantes
786 1341 930 1407 dimovet
941 1365 1053 1420 auras,

287 1478 523 1566 Ascaniumque
534 1481 633 1566 petit:
647 1477 785 1542 formam
798 1494 867 1544 tum
880 1480 1020 1544 vertitur
1032 1479 1101 1544 oris·
1161 1544 1167 1556 ,

286 1618 464 1704 Antiquom
474 1619 509 1684 in
522 1621 639 1682 Buten.
652 1619 713 1683 Hic
723 1618 887 1683 Dardanio
899 1619 1054 1692 Anchisae¹

288 1753 438 1840 Armiger
448 1769 523 1818 ante
535 1755 615 1834 fuit,
629 1754 775 1841 fidusque
790 1754 831 1819 ad
845 1755 956 1820 limine
972 1770 1079 1820 custos
1088 1779 1098 1831 ς

288 1896 370 1954 Tum
381 1891 532 1956 comitem
543 1892 679 1956 Ascanio
690 1906 784 1977 pater
794 1890 928 1956 addidit.
945 1891 1016 1956 lbet
1026 1889 1149 1976 Apollo

290 2027 409 2095 Omnia
419 2018 567 2118 iongoevo
579 2029 708 2109 similis,
725 2053 903 2117 vocemque
913 2039 929 2106 ,’
941 2030 1169 2120 coloremque,

288 2171 330 2231 Et
340 2167 446 2231 crines
457 2167 567 2246 albos,
580 2183 614 2231 et
625 2189 706 2232 saeva
717 2169 894 2263 sonoribus
900 2191 1008 2245 arma;

289 2312 396 2392 Atque
407 2304 456 2369 his
467 2305 636 2378 ardentem
648 2306 742 2370 dictis
755 2307 876 2372 affatur
886 2306 992 2374 lulum
1005 2331 1013 2368 :

293 2475 306 2502 «ι
327 2446 377 2509 Sit
392 2444 484 2523 satis,
499 2445 638 2509 AEneede
647 2494 655 2524 ,
670 2446 742 2510 telis
753 2447 1078 2533 impune'Numanum
1107 2451 1110 2458 '

292 2583 475 2670 Oppetiisse
486 2584 567 2648 tuis:
587 2585 724 2671 primam
736 2586 819 2650 hanc
833 2585 894 2648 tibi
905 2597 1041 2671 magnus
1053 2584 1175 2671 Apollo-

291 2720 451 2786 Concedit
460 2722 608 2802 laudem,
626 2739 659 2788 et
669 2724 802 2809 paribus
812 2745 882 2787 non
896 2721 1021 2788 invidet
1037 2723 1148 2796 armis..

292 2861 410 2927 Cetera
419 2886 534 2951 parce,
548 2887 642 2950 puer,
655 2863 755 2929 bello.
770 2894 788 2922 r·
799 2863 853 2962 Sic
865 2887 957 2930 orsus
967 2863 1084 2951 Apollo

290 2992 442 3064 Mortales
456 3001 564 3065 medio
575 3002 744 3088 adspectus
759 3025 909 3067 sermone
922 3002 1073 3088 reliquit,

291 3131 332 3202 Et
343 3139 458 3225 procul
474 3140 509 3204 in
520 3155 651 3206 tenuem
663 3165 702 3206 ex
722 3144 842 3219 oculis,
857 3144 989 3208 evanuit
1003 3139 1125 3229 auram.

292 3281 465 3365 Agnovere
481 3275 577 3346 deum
593 3305 745 3369 proceres
759 3284 933 3370 divinaque
949 3284 1012 3348 tela
1092 3303 1118 3324 ··

291 3418 502 3501 Dardanide,
515 3422 765 3510 pharetramque
777 3425 851 3510 fuga
862 3445 992 3498 sensere
1003 3400 1186 3496 sonantem„

291 3557 379 3640 Ergo
394 3558 523 3623 avidum
540 3584 657 3648 pugne
672 3561 818 3630 diuisae
833 3562 966 3626 n'umine
983 3560 1102 3625 Phoebi.

292 3694 465 3758 Ascanium
481 3696 678 3780 prohibente
693 3701 754 3786 ipsi
768 3701 802 3764 in
820 3699 995 3767 certamina
1011 3717 1124 3760 rursus

294 3831 497 3910 Succedunt,
510 3835 694 3922 animasque
706 3837 740 3901 in
752 3851 862 3923 aperta
874 3833 1177 3923 periculamittunt.

293 3972 323 4032 lt
340 3970 462 4036 clamor
478 3971 555 4035 totis
571 3997 630 4059 per
645 3976 889 4064 propugnacula
906 3973 1026 4040 muris⁷
1037 3998 1048 4034 z·
