2908 4810
289 402 351 462 art
525 394 754 456 AENElDOS
783 395 927 456 LIBER
956 395 1015 457 xl.
1170 411 1194 443 v·
1208 410 1265 454 721.

288 546 580 630 comprensamque
592 555 699 618 tenet,
711 539 910 626 pedibusque
923 543 1078 606 eviscerat
1093 545 1204 622 uncis;

287 683 367 742 Tum
381 699 478 741 cruor
492 693 525 740 et
540 678 636 742 vulsae
651 675 805 741 labuntur
818 677 859 740 ab
874 678 991 742 ethere
1006 677 1136 764 plumae.

334 1090 373 1150 ht
386 1108 453 1154 non
465 1088 531 1152 heo
543 1088 640 1152 nullis
653 1086 817 1151 hominum
829 1097 916 1152 sotor
927 1099 1023 1171 atque
1033 1085 1169 1150 deorum

291 1225 475 1288 Observans
486 1222 601 1300 oculis,
614 1183 738 1286 summo
750 1222 840 1286 sedet
852 1223 934 1286 altus
947 1223 1100 1310 Olympo.

289 1358 491 1444 Tyrrhenum
505 1359 633 1444 genitor
646 1357 846 1422 Tarchonem
861 1359 896 1422 in
911 1359 1019 1445 praelia
1033 1383 1114 1426 saeva

292 1496 447 1573 Suscitat,
463 1509 497 1558 et
513 1495 648 1559 stimulis
662 1495 748 1558 haud
765 1495 915 1559 mollibus
932 1497 1034 1581 injicit
1047 1499 1122 1560 iras.

291 1636 375 1718 Ergo
389 1633 474 1698 inter
487 1633 589 1698 caedes
605 1610 814 1718 cedentiaque
829 1633 955 1718 agmina
971 1635 1093 1697 Tarcho

291 1772 406 1834 Fertur
421 1793 522 1856 equo,
537 1770 695 1858 variisque
709 1771 838 1856 instigat
853 1753 987 1836 vocibus
1001 1771 1095 1853 alas,-

293 1910 428 1974 Nomine
439 1929 600 1995 quemque
611 1913 743 1986 vocans,
760 1885 926 1995 reficitque
938 1911 972 1974 in
983 1911 1090 1996 praelia
1101 1912 1229 1998 pulsos:

299 2072 313 2102 α
328 2043 392 2127 Qui
403 2060 524 2122 metus,
538 2066 558 2107 o
570 2066 735 2129 nunquam
747 2043 896 2123 dolituri,
910 2069 930 2110 o
944 2069 1071 2134 semper
1081 2049 1199 2112 inertes

294 2183 470 2268 Tyrrheni,
487 2207 558 2270 quae
572 2199 660 2247 tanta
674 2182 786 2246 animis
801 2183 925 2268 ignavia
940 2185 1047 2248 venit?

293 2320 421 2383 Femina
434 2320 577 2407 palantes
589 2321 671 2406 agit,
683 2334 780 2406 atque
792 2319 858 2422 heec
870 2321 1117 2407 agminuvertit.
1162 2319 1164 2324 ’

297 2461 371 2542 Quo
382 2460 525 2524 ferrum?
535 2459 654 2546 quidve
668 2459 734 2523 heo
745 2459 886 2546 gerimus
900 2458 962 2523 tela
973 2460 1064 2523 irrita
1078 2461 1218 2525 dextris?

297 2594 336 2655 ht
351 2616 418 2659 non
432 2595 467 2658 in
482 2617 637 2670 venerem
649 2616 761 2681 segnes
774 2608 997 2678 nocturnaque
1010 2593 1114 2672 bella,

297 2732 379 2804 hut,
395 2731 449 2795 ubi
465 2751 563 2798 cuuva
579 2731 695 2795 choros
713 2729 827 2794 indixit
842 2730 918 2794 tibia
934 2730 1066 2808 Bacchi,

297 2869 487 2952 Exspectare
503 2867 599 2953 dapes
613 2881 646 2929 et
660 2865 764 2954 plenoe
778 2868 894 2954 pocula
908 2890 1036 2934 mensae.

299 3006 358 3068 Hic
370 3026 472 3082 amor,
486 3004 549 3068 hoc
560 3003 719 3082 studium,
732 3004 810 3068 dum
819 3027 907 3070 sacra
917 3006 1075 3070 secundus
1087 3006 1244 3094 haruspex

298 3144 447 3221 Nuntiet,
460 3166 497 3207 ac
508 3142 597 3207 lucos
607 3158 702 3206 vocet
712 3143 816 3208 hostia
826 3145 955 3231 pinguis
966 3144 1000 3208 in
1012 3144 1104 3208 altos.
1120 3173 1135 3203 a

343 3466 417 3526 ilco
429 3465 558 3542 effatus,
572 3487 691 3552 equum
701 3464 736 3528 in
747 3464 886 3541 medios,
899 3462 1076 3527 moriturus
1087 3476 1120 3526 et
1130 3462 1216 3548 ipse,

301 3599 467 3675 Concitet,
480 3613 513 3662 et
524 3601 649 3665 Venulo
662 3601 828 3664 adversum
842 3623 875 3664 se
886 3599 1034 3664 turbidus
1045 3597 1162 3661 infert:

300 3742 542 3824 Dereptumque
553 3739 594 3802 ab
605 3763 689 3827 equo
701 3740 814 3804 dextra
828 3739 1054 3826 complectitur
1069 3737 1212 3812 hostem,

301 3879 339 3939 Et
353 3875 510 3961 gremium
526 3891 599 3938 ante
613 3901 707 3962 suum
723 3879 823 3946 multa
840 3881 869 3944 vi
886 3879 1032 3944 concitus
1046 3863 1172 3940 aufertss

299 4008 437 4072 Tollitur
449 4013 483 4076 in
498 4011 613 4076 coelum
627 4014 760 4092 clamor,
779 4015 952 4100 cunctique
967 4014 1069 4081 Latini
