2996 4826
300 403 366 464 270
544 401 773 464 AENEIDOS
804 404 951 466 LIBER
981 407 1041 468 Xl.
1198 413 1292 473 ama.

300 539 382 600 Hinc
395 537 449 599 alii
463 535 564 622 spolia
575 536 688 599 occisis
699 536 834 624 derepta
850 543 968 606 Latinis
984 571 987 579 «

299 675 485 759 Conjiciunt
500 676 586 760 igni,
606 676 727 761 galeas,
746 699 900 763 ensesque
915 678 1062 758 decoros'‚
1148 749 1151 752 ,

300 815 486 899 Frenaque,
504 815 732 901 ferventesque
743 833 848 894 rotas;
868 841 942 905 pars
958 841 1094 882 munera
1108 837 1203 899 nota,

296 958 443 1039 Ipsorum
455 954 605 1040 clypeos,
620 969 653 1016 et
664 977 733 1019 non
745 954 851 1021 felicia
866 957 941 1020 tola.

297 1091 396 1155 Multa
409 1093 509 1154 boum
526 1091 611 1154 circa
624 1109 808 1156 mactantur
823 1116 962 1181 corpora
977 1097 1094 1170 morti;
1111 1133 1114 1140 ⁴
1170 1157 1175 1164 .

295 1229 522 1314 Setigerosque
534 1251 623 1318 sues,
638 1243 811 1316 raptasque
825 1252 865 1292 ex
880 1232 1029 1294 omuibus
1044 1235 1128 1318 agris

294 1369 331 1429 ln
343 1368 501 1430 flammam
514 1367 665 1453 jugulant
678 1366 836 1452 pecudes:
850 1375 918 1432 tum
930 1370 1041 1435 littore
1059 1386 1128 1436 toto

292 1502 451 1566 Ardentes
464 1517 610 1590 spectant
621 1505 743 1581 socios,
761 1506 976 1591 semiustaque
991 1522 1121 1571 servant

294 1646 405 1719 Busta3
423 1667 530 1730 neque
544 1643 640 1708 avelli
653 1659 806 1730 possunt,
824 1666 890 1708 nox
905 1644 1037 1709 humida
1051 1645 1156 1710 donec
1177 1665 1185 1674 ’

292 1784 430 1846 luvertit
441 1783 557 1847 eoelum
569 1783 884 1869 stellisfulgentibus
899 1801 1021 1870 aptum.

334 2829 400 2888 Nec
414 2825 519 2887 minus
534 2837 567 2887 et
582 2825 690 2888 miseri
704 2824 831 2888 diversa
845 2825 880 2887 in
895 2839 988 2912 parte
1000 2824 1102 2887 Latini
1131 2817 1133 2822 ’

287 2965 475 3027 hrnumeras
490 2978 636 3026 struxere
652 2951 768 3050 pyras,
787 2977 820 3025 et
832 2985 970 3048 corpora
981 2952 1099 3050 partim

287 3100 386 3164 Multa
402 3102 508 3164 virum
525 3115 619 3163 terrae
634 3100 817 3178 infodiunt,
834 3114 1009 3184 avectaque
1025 3097 1140 3185 partim

287 3239 455 3314 Finitimos
465 3239 587 3304 tollunt
601 3238 636 3302 in
650 3261 762 3324 agros,
776 3239 915 3322 urbique
927 3228 1109 3302 remittunt.

286 3364 418 3455 Cetera,
432 3379 637 3464 confuseque
651 3377 818 3462 ingentem
835 3375 928 3438 caedis
940 3389 1089 3438 acervum
1102 3391 1126 3449 ,Γ

285 3516 349 3576 Nec
364 3536 501 3579 numero
512 3538 573 3579 uec
585 3516 886 3609 'bonore'ereqmant
901 3517 991 3577 Tune
1003 3503 1146 3594 undique
1163 3493 1279 3573 vasti

285 3651 441 3714 Certatim
452 3649 577 3716 crebris
593 3652 756 3716 collucent
766 3651 896 3737 ignibus
910 3653 991 3738 agri.
1073 3686 1076 3690 ·

281 3791 389 3854 Tertia
402 3791 456 3854 lux
471 3790 608 3875 gelidam
620 3793 702 3856 coelo
715 3791 896 3856 dimoverat
911 3792 1078 3868 umbram,

282 3911 721 3991 Moerentes'altum‘cinerem
729 3943 766 3991 et
782 3929 913 3992 confusa
929 3929 1072 3992 ruebant

283 4065 362 4126 Ossa
377 4061 474 4137 focis,
490 4059 664 4149 tepidoque
675 4061 858 4130 onerabant
874 4085 991 4150 aggere
1006 4078 1133 4128 terrm:
