2872 4816
276 393 335 454 no
518 395 749 459 mortuos
780 398 926 459 tmsu
958 393 1038 459 1x.·
1166 397 1258 446 usu·
1295 477 1298 482 Ι

268 533 348 593 Tum
361 533 460 617 magis
472 533 658 596 increscunt
668 533 786 596 animis
794 533 998 598 discordibus
1008 535 1080 608 irre,

268 669 308 728 Et
318 668 385 749 jam
402 667 531 732 collecti
545 673 645 734 Troes
662 669 885 756 glomerantur
902 671 1035 748 eodem,

268 809 309 870 Et
320 807 470 872 conferre
482 831 612 873 manum
625 825 658 872 et
672 831 869 895 procurrere
881 805 1009 898 longius
1021 801 1153 876 audent.

312 995 449 1057 Ductori
464 999 575 1060 Turno
589 996 714 1062 diversa
728 1000 764 1062 in
779 1013 871 1085 parte
887 1001 1027 1081 furenti,

266 1137 489 1222 Turbantique
505 1137 613 1216 rir'os,
629 1136 794 1225 perfertur
809 1133 943 1204 nuntius
956 1142 1080 1205 hostem
1097 1137 1103 1146 ’

266 1283 405 1347 Ferverc
417 1275 502 1342 eaede
514 1297 614 1353 nova,
631 1292 666 1378 et
675 1293 786 1362 portas
797 1279 944 1366 praebcre
956 1294 1116 1366 patentes.

265 1417 394 1482 Deserit
407 1417 592 1502 inceptum,
602 1427 700 1502 atque
711 1417 843 1482 immani
858 1419 1005 1487 concitus
1019 1419 1066 1482 ira

266 1553 459 1618 Dardaniam
472 1551 538 1616 ruit
548 1553 588 1616 ad
600 1567 730 1638 portam
741 1551 923 1638 fratresque
935 1555 1093 1639 superbos
1104 1581 1113 1629 ς

267 1696 305 1755 Et
316 1692 458 1778 primum
470 1691 685 1776 Antiphaten,
698 1689 726 1752 is
738 1689 824 1754 enim
836 1711 870 1753 se
881 1691 1006 1775 primus
1018 1691 1134 1777 agebat
1145 1738 1158 1769 ,Δ

265 1829 416 1894 Thebana
431 1828 472 1892 de
486 1823 592 1892 matre
605 1807 743 1891 nothum
761 1825 959 1913 Sarpedonis
975 1827 1052 1906 alti,

267 1965 427 2048 Conjeeto
443 1965 560 2064 sternit
571 1964 701 2048 jaculo:
720 1963 807 2028 volat
822 1963 902 2026 Itala
917 1986 1037 2028 cornus

266 2106 350 2167 Aera
359 2125 421 2190 per
435 2119 603 2181 tenerum,
617 2103 848 2188 stomachoque
860 2091 957 2166 infixa
968 2102 1028 2166 sub
1041 2103 1145 2168 altum

264 2243 382 2304 Pectus
393 2238 478 2315 abit;
494 2238 602 2303 reddit
614 2261 728 2325 specus
738 2240 800 2302 atri
813 2239 957 2304 vulneris
969 2240 1087 2304 undam

266 2382 496 2465 Spumantem,
509 2393 542 2441 et
557 2378 621 2441 fixo
636 2377 759 2442 ferrum
775 2379 809 2441 in
825 2379 979 2464 pulmone
996 2381 1144 2465 tepescit.

247 2557 251 2566 -
264 2517 345 2577 Tum
353 2517 517 2603 Meropem
523 2495 797 2601 atqueErymanta
803 2516 1300 2608 manu,tumstemitAphidnum3

266 2659 348 2720 Tum
360 2655 466 2720 Bitian
477 2656 647 2742 ardentem
659 2654 779 2734 oeulis,
792 2654 973 2739 animisque
985 2655 1176 2718 frementem
1187 2704 1198 2735 ‚

262 2798 336 2859 Non
345 2775 472 2882 jaculo,
487 2793 696 2880 nequeenim
704 2792 813 2876 jaculo
826 2793 925 2856 vitam
937 2763 991 2856 ille
1004 2791 1160 2868 dedisset3

264 2934 329 2998 Sed
344 2955 497 3020 magnum
511 2933 650 2995 stridens
667 2902 818 2994 contorta
835 2929 997 3017 phalarica
1012 2931 1124 3008 venit,

264 3063 420 3133 Fulminis
431 3083 502 3131 acta
514 3067 630 3145 modo,
645 3091 741 3153 quam
752 3089 814 3132 nec
826 3067 891 3131 duo
904 3083 1014 3131 taurea
1028 3083 1139 3155 terga,

263 3214 330 3275 Neo
344 3209 467 3298 duplici
482 3231 613 3296 squama
629 3208 729 3288 lorica
745 3195 848 3298 fidelis
864 3223 897 3271 et
912 3230 992 3271 auro

265 3346 448 3412 Sustinuit:
469 3346 608 3434 collapsa
625 3321 726 3410 ruunt
739 3346 888 3408 immania
904 3346 1068 3422 membra;

263 3487 329 3548 Dat
340 3483 621 3570 tellus-gemitum,
637 3501 670 3550 et
682 3483 833 3570 clypeum
845 3491 943 3569 super
955 3484 1086 3549 intonat
1095 3487 1228 3572 ingens:

266 3622 378 3706 Qualis
394 3623 430 3686 in
446 3623 591 3688 Eubolco
606 3623 756 3688 Baiarum
772 3621 883 3685 littore
899 3620 1064 3706 quondam

264 3761 365 3823 Saxea
379 3760 444 3845 pila
460 3760 566 3839 cadit,
581 3764 704 3858 magnis
720 3783 816 3848 quam
832 3758 972 3824 molibus
987 3731 1061 3821 ante

264 3900 492 3963 Constructam
507 3916 612 3985 ponto
623 3904 769 3985 jaciunt:
788 3901 833 3964 sic
848 3899 902 3962 illa
920 3873 1073 3962 ruinam¹

262 4046 373 4106 Prona
386 4037 500 4114 trahit,
516 4038 710 4124 penitusque
726 4038 814 4108 vadis
825 4037 906 4102 illisa
922 4037 1102 4118 recumbite
