2908 4810
278 377 339 438 att
510 372 733 434 AENEIDOS
764 371 909 434 LIBER
939 371 1024 434 xli:
1175 371 1274 417 moa.

277 516 385 594 Quum
400 510 497 574 semel
513 511 548 575 in
563 496 649 574 ailvis
665 509 730 574 imo
746 509 786 572 de
801 505 901 597 stirpe
917 509 1055 572 recisum

275 652 375 711 Matre
389 662 495 726 caret,
512 647 684 736 posuitque
700 667 807 710 comas
822 661 854 710 et
869 645 1001 712 brachia
1016 645 1106 709 ferro
1115 638 1127 722 ’ς
1156 625 1160 630 ¹

275 786 364 850 Olim
379 787 492 864 arbos,
508 808 597 849 nunc
613 785 744 849 artificis
759 807 871 850 manus
886 807 948 848 aere
964 784 1084 848 decoro

273 922 423 999 lnclusit,
440 923 649 1009 patribusque
665 922 755 990 dedit
769 939 893 1010 gestare
909 923 1041 988 Latinis.
1057 951 1071 980 u

315 1197 443 1262 Talibus
457 1199 544 1260 inter
559 1221 592 1262 aa
608 1199 780 1262 firmabant
795 1198 917 1264 foedera
932 1199 1048 1277 diutia,

273 1336 457 1427 Conspectu
467 1336 502 1400 in
512 1335 620 1399 medio
631 1357 820 1422 procerum.
832 1343 914 1402 Tum
926 1337 988 1402 rite
1001 1353 1141 1402 sacratas

272 1479 309 1540 ln
324 1476 483 1544 flammam
493 1474 645 1560 jugulant
658 1476 818 1563 pecudes,
836 1491 869 1541 et
885 1476 1007 1540 viscera
1023 1476 1104 1541 rivis

271 1614 439 1702 Eripiunt,
457 1612 685 1700 cumulantque
701 1614 842 1680 ouantis
857 1614 1004 1680 lancibus
1017 1618 1104 1682 arasq

313 1874 356 1934 lt
371 1892 449 1936 vero
465 1871 591 1935 Rutulis
605 1872 709 1959 impar
724 1896 761 1938 ea
774 1897 883 1961 pugna
900 1875 1005 1940 videri

267 1997 493 2090 iamdudum,
511 2027 543 2076 et
558 2012 648 2077 vario
663 2012 790 2077 misceri
804 2029 939 2102 pectora
954 2027 1066 2089 motu;

266 2153 348 2212 Tum
358 2149 474 2235 magis,
489 2164 525 2212 ut
535 2151 671 2238 propius
682 2166 836 2232 cernunt,
850 2174 919 2217 uon
930 2152 1055 2216 viribus
1066 2153 1175 2240 aequis.

268 2288 407 2372 Adjuvat
420 2287 547 2352 incessu
563 2290 661 2355 tacito
676 2313 884 2378 progressus,
903 2305 1041 2360 etarum
1093 2357 1096 2371 ,

269 2425 466 2514 Suppliciter
478 2449 636 2492 venerans
650 2429 787 2494 demisso
801 2428 922 2492 lumine
936 2432 1082 2505 Turnus,

269 2565 489 2652 Tabeutesqua
500 2547 609 2653 genua,
623 2581 657 2630 et
666 2567 855 2651 juvenaliin
866 2587 1005 2652 corpore
1016 2565 1135 2653 pallor.

270 3208 374 3287 Quam
385 3203 478 3270 simul
493 3221 530 3269 ac
544 3203 563 3266 J
567 3215 684 3266 uturna
698 3221 792 3264 soror
801 3195 1014 3266 'crebrescere
1022 3187 1107 3264 'vidit

269 3343 459 3406 Sermonem
472 3387 481 3418 ‚
495 3355 528 3403 et
545 3337 633 3425 vulgi
644 3337 767 3403 variare
778 3336 918 3401 labantia
929 3335 1046 3414 corda,

267 3481 305 3541 ln
319 3477 440 3542 medias
450 3478 532 3542 acies
543 3525 552 3557 ‚
565 3479 702 3542 formam
713 3475 898 3540 adsimulata
910 3475 1072 3551 Camerti,

269 3615 330 3678 Cui
344 3616 473 3700 genusii
485 3615 614 3701 proavis
627 3615 757 3700 iugens,
775 3613 962 3700 clarumque
976 3626 1119 3699 paternae

268 3752 392 3813 Nomen
408 3765 476 3814 erat
490 3749 633 3830 virtutis,
652 3765 684 3814 et
695 3750 763 3836 ipse
774 3750 947 3814 acerrimus
958 3749 1072 3826 armis,

267 3889 305 3955 ln
318 3885 437 3950 medias
448 3887 503 3950 dat
513 3907 580 3948 sese
592 3887 693 3965 acies,
711 3886 796 3950 haud
807 3887 914 3950 nescia
925 3909 1053 3961 rerum,

193 4027 204 4042 ⁸
266 4031 487 4109 Rumoresque
501 4024 578 4088 sarit
594 4026 699 4090 varios
711 4073 720 4103 ,
734 4048 771 4089 ac
782 4024 855 4088 talia
866 4025 968 4088 latur:
