2952 4812
298 341 358 401 388
526 323 756 393 AENElDOS
783 327 927 387 LIBER
954 325 1036 386 Xll.
1177 317 1278 385 ¹459·

294 472 479 539 Archetium
490 467 684 541 Mnestheum
698 463 876 552 Epulonem
888 443 1062 525 obtruncat
1070 457 1230 536 Achaten,

295 611 508 692 Ufentemque
522 607 627 690 Gyas:
643 601 727 667 cadit
738 601 806 686 ipsc
816 597 1002 663 Tolumnius
1016 616 1130 681 augur,

293 750 420 815 Primus
431 748 465 811 in
478 721 628 809 adversos
640 740 740 805 telum
752 723 809 824 qui
819 751 957 800 torserat
967 737 1086 800 hostes.

292 884 430 951 Tollitur
442 883 480 948 iu
490 878 605 944 coelum
616 877 748 953 clamor,
763 875 910 958 versique
921 871 1059 937 vicissim

293 1021 521 1088 Pulverulenta
534 1018 608 1102 fuga
623 1013 734 1078 Rutuli
748 1013 826 1076 dant
840 1028 931 1098 terga
943 1033 1006 1097 per
1016 1033 1121 1096 agros.

294 1163 366 1245 Ipse
380 1177 486 1241 neque
501 1151 651 1216 adversos
663 1149 814 1234 dignatur
823 1149 973 1210 'sternere
989 1147 1106 1224 morti,
1181 1148 1183 1154 '

292 1299 357 1358 Nec
368 1291 450 1379 pede
462 1310 649 1374 congressos
662 1309 772 1372 aequo,
787 1306 848 1347 nec
860 1284 924 1346 tela
935 1284 1075 1346 serentes
1115 1258 1117 1264 ¹

291 1431 474 1518 Insequitur
491 1453 498 1490 ι
513 1427 616 1490 solum
627 1424 725 1492 densa
735 1393 916 1506 incaligine
926 1424 1071 1483 Turnum

294 1572 437 1655 Vestigat
449 1567 605 1640 lustrans,
624 1560 728 1627 solum
739 1560 773 1624 in
786 1558 959 1622 certamina
969 1557 1085 1644 poscit.

337 2147 406 2208 Hoc
418 2164 570 2207 concussa
580 2155 669 2204 metu
679 2155 822 2205 mentem
833 2145 852 2204 J
856 2155 970 2204 uturna
984 2140 1093 2229 virago

292 2281 442 2367 Aurigam
459 2279 559 2344 Turni
577 2277 680 2341 media
695 2278 781 2341 inter
796 2278 867 2340 lora
883 2279 1050 2342 Metiscum
1130 2332 1134 2344 .

291 2417 435 2495 Excutit,
452 2431 485 2480 et
498 2416 594 2502 longe
610 2415 734 2502 lapsum
749 2431 879 2479 temone
892 2413 1059 2502 relinquit.

290 2560 362 2643 lpsa
372 2555 477 2634 subit,
490 2555 701 2640 manibusque
715 2553 873 2618 undantes
884 2555 984 2618 flectit
997 2525 1155 2633 lichenas,

295 2693 421 2758 Cuncta
432 2713 547 2779 gerens
558 2741 569 2771 ,
582 2715 779 2779 vocemque,
794 2709 827 2757 et
837 2715 954 2780 corpus
961 2741 973 2774 ,
990 2709 1023 2756 et
1033 2716 1121 2758 arma
1134 2694 1266 2758 Metisci.

291 2832 387 2919 Nigra
401 2831 490 2897 velut
503 2852 632 2917 magnas
645 2830 769 2895 domini
782 2854 882 2917 quum
893 2832 1000 2897 divitis
1011 2833 1093 2900 aedes

289 2969 461 3048 Pervolat,
478 2983 511 3032 et
525 2968 640 3054 pennis
652 2969 716 3032 alta
727 2968 808 3032 atria
818 2965 933 3032 lustrat
945 2970 1105 3047 hirundo,
1189 2981 1192 2988 ⁴
1212 2950 1215 2955 Ι

288 3108 411 3202 Pabula
425 3129 523 3194 parva
538 3106 667 3192 legens,
685 3105 833 3192 nidisque
849 3106 1035 3192 loquacibus
1050 3087 1156 3188 escas}

287 3247 332 3308 Et
345 3267 432 3308 nunc
446 3244 626 3332 porticibus
641 3243 764 3319 vacuis,
781 3264 868 3306 nunc
877 3242 1010 3306 humida
1021 3243 1142 3307 circum

288 3386 408 3468 Stagna
418 3399 533 3446 sonat:
551 3380 661 3446 similis
672 3365 796 3464 medios
807 3382 946 3443 Juturna
957 3401 1017 3466 per
1028 3379 1135 3444 hostes
1163 3409 1165 3416 ¹

287 3522 403 3582 Fertur
417 3518 508 3603 equis
516 3565 525 3596 ,
542 3519 720 3604 rapidoque
731 3517 843 3582 volans
855 3517 925 3580 obit
936 3519 1045 3582 omnia
1056 3540 1175 3595 curru;
1213 3539 1216 3548 “

283 3660 420 3751 Jamque
431 3655 483 3720 hic
496 3676 700 3741 germanum,
713 3658 846 3752 jamque
856 3655 927 3735 hic,
941 3672 1081 3721 ostentat
1092 3645 1264 3736 ovantem

536 3767 538 3772 ·
707 3760 711 3784 t

285 3799 351 3859 Nec
366 3795 514 3860 conferre
528 3815 659 3858 manum
674 3795 812 3883 patitur;
828 3795 914 3864 volat
925 3795 995 3859 avia
1007 3795 1115 3883 longe.

287 3931 379 4002 Haud
394 3932 498 3996 miuus
513 3935 626 3996 AEneas
643 3945 746 3996 tortos
760 3929 837 4016 legit
851 3911 965 4000 obrius
976 3933 1092 4010 orbes,
