2894 4812
294 427 356 486 26ss
545 426 775 488 AENElDOS
806 426 949 486 LlBER
980 426 1041 485 xl.
1179 441 1203 471 v.
1221 425 1272 472 150.

291 565 471 628 Procubuit
482 586 590 650 super,
604 579 700 648 atque
711 562 812 626 heret
821 562 1064 648 lacrymansque
1079 585 1290 652 gemensque,

291 707 331 766 Et
345 703 395 767 via
412 703 462 767 vix
479 702 608 766 tandem
625 703 698 767 voci
715 702 819 765 laxata
833 701 946 766 dolore
963 717 1029 765 est:

293 1036 306 1064 a
323 981 395 1070 Nori
407 1007 492 1084 haec,
506 1029 527 1070 o
539 1005 645 1083 Palla,
661 1006 795 1070 dederas
805 1007 961 1093 promissa
975 1001 1121 1094 parenti,

292 1145 422 1208 Cautius
439 1159 474 1207 ut
489 1167 572 1210 saevo
587 1143 687 1208 velles
703 1159 734 1207 te
751 1145 884 1208 credere
902 1146 1015 1208 Marti!

291 1285 384 1349 Haud
393 1287 523 1372 ignarus
534 1310 620 1350 cram
635 1301 790 1371 quantum
802 1307 888 1349 nova
899 1284 1000 1370 gloria
1013 1285 1046 1349 in
1059 1286 1173 1362 armis,

292 1424 333 1486 Et
344 1424 505 1510 praedulce
517 1425 614 1488 decus
624 1424 731 1512 primo
746 1422 922 1487 certamine
935 1438 1064 1510 posset.-

290 1563 444 1628 Primitiae
452 1565 581 1647 juvenis
596 1563 736 1639 miserae,
750 1562 893 1650 bellique
907 1563 1086 1650 propinqui

292 1703 380 1764 Dura
397 1697 595 1769 rudimenta!
613 1720 645 1767 ct
659 1702 740 1766 nulli
754 1703 906 1800 exaudita
919 1703 1055 1770 deorum

292 1838 376 1900 Vota
386 1861 562 1926 precesque
574 1844 667 1904 mcae!
681 1845 808 1927 Tuque,
824 1863 844 1904 o
857 1841 1052 1908 sanctissima
1064 1845 1198 1924 conjux,

268 2041 269 2044 Ἴ
292 1973 380 2037 Felix
394 1992 499 2039 morte
511 1991 583 2055 tua,
597 2001 703 2064 neque
716 1980 750 2042 in
762 1979 849 2042 hunc
864 1993 988 2042 servata
1001 1977 1146 2048 dolorem
1159 1978 1166 2036 l

293 2113 415 2176 Contra
431 2136 492 2200 ego
508 2115 646 2181 vivendo
660 2116 722 2180 vici
736 2139 806 2180 mea
821 2117 904 2194 fata,
921 2132 1081 2203 superstes

291 2255 458 2316 Restarcm
470 2268 506 2316 ut
517 2253 656 2340 genitor.
670 2259 791 2318 Troum
803 2256 889 2319 socia
901 2278 988 2318 arma
1002 2270 1149 2320 secutum

294 2391 482 2457 Obruerent
496 2395 608 2458 Rutuli
622 2395 709 2460 telis!
728 2396 867 2460 animam
882 2397 950 2482 ipse
966 2394 1122 2459 dedissem
1135 2422 1143 2471 ς

293 2533 399 2616 Atque
410 2531 477 2597 liaec
488 2557 607 2622 pompa
617 2523 750 2599 domum
761 2557 831 2613 me,
844 2557 912 2598 non
925 2533 1087 2611 Pallanta,
1103 2534 1237 2597 referret
1250 2537 1256 2594 !

293 2670 359 2732 Nec
371 2691 427 2732 vos
438 2673 615 2756 arguerim,
628 2674 759 2750 Teucri,
773 2696 834 2736 nec
846 2673 964 2736 foedera
976 2721 984 2751 ,
998 2695 1059 2736 nec
1070 2695 1148 2760 quas
1185 2649 1190 2660 ἱ

292 2805 462 2871 Junximus
478 2807 618 2898 hospitio
633 2811 781 2876 dextras:
797 2833 866 2876 sors
882 2813 942 2874 ista
956 2825 1092 2874 senectae

293 2945 411 3008 Debita
422 2962 492 3009 erat
502 2964 633 3012 nostrae.
649 2948 746 3032 Quod
758 2949 783 3012 si
794 2949 964 3011 immatura
975 2947 1126 3010 manebat

294 3087 379 3148 Mors
391 3100 518 3159 natum3
536 3086 624 3150 caesis
636 3086 826 3150 Volscorurn
839 3085 981 3148 millibus
992 3099 1085 3157 ante,

294 3224 472 3288 Ducentem
488 3227 520 3292 iu
536 3224 657 3288 Latium
669 3228 809 3288 Teucros
822 3222 972 3287 cecidisse
983 3221 1122 3304 juvabit.

295 3802 383 3885 Quin
398 3826 459 3889 ego
472 3823 540 3865 non
556 3800 618 3864 alio
633 3800 749 3886 digner
766 3815 797 3862 te
812 3799 946 3878 sunere,
964 3797 1069 3873 Palla,

295 3943 399 4022 Quam
411 3942 483 4026 pius
495 3941 624 4016 AEneas‚
639 3953 672 4001 et
684 3959 778 4024 quam
792 3939 899 4022 magni
917 3937 1079 4022 Phryges,
1095 3948 1127 3996 et
1141 3955 1234 4018 quani

293 4079 516 4165 Tyrrhenique
529 4077 625 4158 duces
636 4125 644 4153 ,
657 4077 860 4161 Tyrrhenum
874 4077 1032 4140 exercitus
1045 4077 1168 4137 omnis:
