2872 4816
301 400 363 462 102
454 428 459 436 ·
548 395 774 456 AENEIDOS
805 394 945 467 LIBER
976 392 1038 451 lx.
1191 387 1278 434 Νοθ-

300 540 364 599 Per
377 547 473 619 caput
485 532 547 593 hoc
554 532 646 613 juro,
660 551 720 615 per
734 528 822 614 quod
834 543 925 613 pater
938 542 1012 590 ante
1028 525 1170 602 solebat3

302 675 382 754 Quae
396 661 457 731 'tihi
471 665 629 753 polliceor
645 663 755 727 reduci
772 664 932 749 rebusque
946 661 1113 740 secundis,

300 810 374 868 Haec
385 803 495 867 eadem
506 802 665 886 matrique
677 816 738 864 tuae
751 800 927 885 generique
938 797 1126 862 manebunt.
1134 827 1150 856 s

353 2129 405 2194 Sic
416 2128 461 2191 ait
469 2127 690 2212 illacrymans:
704 2127 841 2192 humero
855 2124 950 2190 simul
961 2125 1048 2189 exuit
1060 2147 1172 2188 ensem

307 2271 485 2342 Auratum,
498 2266 579 2328 mira
594 2287 690 2349 quern
705 2263 826 2327 fecerat
841 2279 909 2326 arte
925 2268 1053 2349 Lycaon

309 2403 466 2480 Gnosius,
483 2419 580 2488 atque
595 2401 734 2466 hahilem
752 2403 864 2488 vagina
881 2417 1004 2487 aptarat
1019 2402 1155 2463 eburna„

308 2522 373 2602 Dnt
387 2539 462 2602 Niso
477 2539 660 2601 Mnestheus
675 2536 794 2624 pellem
808 2539 1038 2623 horrentisque
1054 2537 1157 2601 leonis

307 2673 441 2737 Exuvias
453 2699 460 2735 :
470 2650 600 2760 *galeam
616 2674 697 2736 fidus
711 2645 876 2761 permutat
889 2673 1008 2738 Aletes.

307 2810 461 2875 Protinus
475 2811 589 2876 armati
603 2810 775 2886 incedunt;
795 2833 877 2896 quos
893 2811 997 2873 omnis
1014 2825 1126 2894 euntes

307 2949 490 3011 Primorurn
502 2970 614 3012 manus
625 2948 665 3010 ad
678 2964 788 3034 portas
796 2951 1018 3033 juvenumque
1033 2967 1216 3029 senumque·

306 3085 519 3170 Prosequitur
533 3085 636 3148 votis:
655 3107 785 3148 necnon
801 3100 834 3147 et
848 3082 984 3171 pulcher
999 3083 1103 3160 Iulus,

306 3225 391 3284 Ante
406 3242 506 3284 anuos
522 3219 728 3306 animumque
744 3243 859 3306 gerens
875 3243 1049 3307 curamque
1066 3219 1212 3296 virilem,

307 3361 406 3424 Multa
421 3362 506 3447 patri
520 3360 680 3448 portanda
696 3361 794 3426 dabat
809 3362 976 3439 mandata3
993 3361 1050 3426 sed
1065 3383 1150 3425 auree

309 3499 426 3561 Omnia
441 3498 645 3587 discerpunt,
664 3515 698 3563 et
712 3500 854 3563 nubibus
868 3500 960 3563 irrita
976 3500 1111 3564 donant.

353 3896 479 3982 Egressi
489 3917 642 3982 superant
652 3901 769 3979 fossas,
785 3904 953 3989 noctisque
965 3924 1024 3988 per
1037 3901 1187 3965 umbram

311 4032 422 4095 Castra
435 4031 562 4140 iniurica
576 4050 710 4120 petunt,
726 4035 835 4100 multis
853 4054 959 4102 tamen
972 4054 1048 4102 ante
1061 4037 1164 4104 futuri
