3004 4804
280 408 345 472 222
534 409 767 472 AENEIDOS
798 409 947 472 LIBER
977 411 1017 470 X.
1179 405 1271 454 v·⁶⁸⁶·

278 546 413 612 Labitur
426 547 490 611 alta
505 567 634 626 secans,
651 546 818 633 fluctuque
833 561 975 634 aestuque
992 548 1157 613 secundo:

276 690 317 750 Et
331 685 433 773 patris
446 684 612 771 antiquam
628 685 735 750 Dauni
749 685 897 750 defertur
912 685 953 749 ad
968 687 1096 750 urbem.

322 1022 364 1084 lt
377 1019 469 1086 Jovis
483 1021 608 1084 interea
623 1019 755 1083 monitis
772 1017 951 1082 Mezentius
964 1015 1080 1080 ardens

279 1159 430 1224 Succedit
443 1182 578 1247 pugnae,
595 1143 801 1245 Teucrosque
816 1156 941 1223 invadit
956 1169 1101 1220 orantes.

278 1298 488 1362 Concurrunt
500 1296 676 1382 Tyrrhenae
688 1295 786 1370 aciem
801 1309 899 1381 atque
911 1293 1062 1358 omnibus
1072 1291 1148 1367 uni,

278 1435 343 1499 Uni
357 1434 504 1520 odiisque
518 1433 590 1499 riro
605 1433 743 1520 telisque
758 1433 986 1521 frequentibus
997 1433 1130 1495 instant.

276 1573 354 1652 Ille,
370 1573 460 1639 velut
475 1595 573 1660 rupes
586 1588 712 1637 vastum
729 1595 801 1659 quae
815 1572 928 1658 prodit
942 1573 976 1635 in
990 1591 1115 1666 aequor,

278 1709 384 1776 Obvia
401 1725 575 1774 ventorum
590 1709 682 1774 furiis
691 1756 700 1788 ,
717 1682 917 1796 expostaque
933 1723 1057 1795 ponto,

278 1849 351 1915 Vim
363 1864 512 1914 cunctam
524 1865 621 1935 atque
633 1849 735 1912 minas
746 1849 871 1935 perfert
885 1847 1022 1933 coelique
1035 1851 1195 1937 marisque
1205 1865 1221 1927 ‚'

278 1989 350 2071 lpsa
361 1984 495 2049 immota
505 2007 656 2062 manens3
671 1985 798 2073 prolem
810 1983 1020 2050 Dolichaonis
1032 1986 1179 2050 Hebrum

280 2124 405 2188 Sternit
416 2124 525 2202 humi,
542 2147 616 2189 cum
628 2129 693 2211 quo
706 2127 878 2209 Latagum,
895 2122 1107 2209 Palmumque
1121 2125 1290 2210 fugacem:

279 2263 344 2328 Sed
355 2267 507 2350 Latagum
519 2285 594 2328 saxo
605 2280 701 2350 atque
712 2263 838 2349 ingenti
846 2263 1010 2354 fragmine
1021 2263 1142 2326 montis

279 2403 427 2489 Occupat
438 2425 474 2466 os
486 2402 665 2490 faciemque
676 2403 858 2480 adversam3
873 2400 998 2488 poplite
1011 2401 1156 2472 Palmum

277 2541 407 2606 Succiso
422 2541 511 2607 volvi
524 2533 656 2629 segnem
672 2541 765 2620 sinit,
783 2563 936 2627 armaque
952 2544 1053 2604 Lauso

277 2685 387 2746 Donat
403 2682 524 2748 habere
539 2684 700 2763 humeris,
718 2700 752 2748 et
767 2684 889 2749 vertice
904 2682 1004 2769 figere
1020 2650 1142 2748 cristas.

276 3805 343 3868 Nec
355 3823 423 3868 11011
439 3797 609 3870 Euanthen
624 3807 821 3898 Phrygium,
837 3809 1027 3897 Paridisque
1042 3807 1194 3873 Mimanta

274 3939 441 4032 AEqusslem
458 3938 695 4034 comitemque,
712 3973 775 4014 una
790 3973 888 4037 quem
902 3967 999 4016 nocte
1013 3950 1143 4015 Theano

274 4089 311 4151 ln
325 4077 430 4150 lucein
446 4075 590 4169 genitori
605 4089 727 4176 Amyco
744 4088 853 4169 dedit,
866 4105 899 4154 et
913 4091 982 4154 face
998 4107 1167 4175 praegnans
