2908 4810
309 370 371 439 362
527 367 761 431 AENElDOS
786 369 939 432 LIBER
972 370 1052 432 ΧΗ.
1203 386 1228 417 v·
1244 372 1296 420 ¹⁸²·

307 505 451 592 Religio,
468 521 502 570 et
515 527 587 591 quae
602 503 739 571 certdeo
755 520 831 570 aunt
845 507 978 572 numina
992 520 1118 592 ponto:

308 641 449 706 Cesserit
462 641 605 705 Ausonio
620 639 647 704 si
660 641 728 705 fors
745 639 878 706 uictoria
892 646 1025 720 Turno,

306 779 468 844 Convenit
480 777 620 843 Evandri
630 779 732 844 victos
744 778 910 844 discedere
922 780 964 844 ad
975 781 1088 846 urbem
1100 809 1109 859 ;

307 916 409 980 Cedet
420 916 507 979 lulus
518 915 620 1002 agris3
634 937 695 979 nec
706 930 781 1001 post
793 936 881 979 arma
894 914 959 978 ulla
969 915 1107 980 rebelles

307 1053 454 1119 AEneadae
465 1055 608 1118 referent
615 1101 624 1132 ,
637 1055 767 1120 ferrove
782 1054 850 1119 haec
862 1077 962 1142 regna
974 1056 1143 1121 lacessent.

307 1195 365 1257 Sin
380 1208 528 1257 nostrum
544 1194 694 1260 annuerit
708 1194 804 1258 nobis
824 1195 957 1260 victoria
973 1197 1109 1260 Martem

299 1331 317 1418 (
329 1335 373 1396 Ut
382 1333 490 1418 potius
501 1353 589 1411 reor,
603 1347 635 1397 et
646 1334 754 1420 potius
767 1333 809 1397 Di
819 1334 953 1398 numine
964 1333 1115 1397 firment!
1129 1333 1141 1418 )

308 1477 380 1536 Non
396 1494 456 1558 ego
470 1494 531 1536 nec
544 1471 674 1536 Teucris
688 1473 785 1536 Italos
800 1495 915 1560 parere
926 1473 1072 1558 jubebo,
1131 1425 1156 1460 Ι

309 1615 374 1674 Nec
385 1610 464 1690 mihi
474 1633 575 1698 regna
586 1626 676 1698 peto.
690 1610 829 1675 Paribus
843 1634 876 1676 se
887 1572 1012 1697 legibus
1024 1609 1124 1673 ambae

309 1751 440 1814 lnvictae
455 1767 567 1837 gentes
582 1767 703 1816 aeterna
716 1752 752 1816 in
765 1751 885 1816 loedera
901 1750 1042 1815 mittant.

310 1892 407 1954 Sacra
420 1889 561 1976 deosque
572 1891 657 1956 daho
670 1917 677 1953 ι
692 1913 785 1956 socer
798 1913 886 1955 arma
898 1891 1028 1954 tatinus
1040 1888 1181 1961 habat03

310 2027 484 2114 Imperium
498 2028 641 2093 solemne
656 2051 768 2118 socer:
785 2029 863 2093 mihi
877 2029 994 2093 moenia
1007 2027 1139 2092 'l'eucri
1209 2031 1213 2047 '

313 2164 538 2243 Constituent,
559 2169 695 2254 urbique
712 2167 802 2232 dabit
817 2169 945 2233 Lavinia
960 2191 1094 2233 nomen.
1109 2196 1122 2226 a

357 2305 410 2369 Sic
421 2307 512 2396 prior
523 2313 652 2384 AEneas3
666 2310 812 2398 sequitur
823 2309 867 2372 sic
879 2307 996 2372 deinde
1008 2307 1152 2380 Latinus,

312 2443 494 2529 Suspicicns
509 2445 644 2523 coelum,
663 2445 830 2531 tenditque
848 2444 889 2508 ad
903 2443 1007 2508 sidera
1023 2442 1190 2506 dextram:

314 2609 329 2637 s
346 2585 419 2646 llaec
432 2582 560 2660 eadem,
577 2587 692 2660 AEnea,
707 2598 842 2656 terram,
858 2603 961 2658 mare,
977 2580 1206 2664 sidera,juro,

315 2724 505 2809 Latonaeque
516 2745 617 2808 genus
628 2723 762 2808 duplex,
775 2727 956 2808 Janumquc
969 2720 1165 2795 bifrontem,

317 2861 453 2946 Vimque
467 2861 563 2924 deum
578 2861 757 2940 infernam,
776 2878 809 2926 et
824 2861 898 2925 duri
912 2859 1047 2924 sacraria
1062 2859 1164 2922 Ditis:

317 2998 509 3066 Audiathaec
520 2999 661 3086 genitor,
676 3001 732 3086 qui
743 3000 864 3064 foedera
875 2969 1136 3066 fulmine‘sancit.

317 3140 426 3223 Tango
442 3155 532 3217 ares3
548 3137 672 3204 medios
684 3138 774 3224 ignea
788 3153 822 3202 et
836 3138 967 3202 numina
984 3148 1105 3201 testor:

320 3275 412 3340 Nulla
422 3278 491 3344 dies
502 3257 612 3366 paceni
624 3278 707 3341 hanc
718 3276 877 3360 ltalisnec
889 3275 1008 3340 studere
1019 3287 1167 3357 munpet,

320 3419 394 3497 Quo
408 3438 460 3481 res
470 3440 607 3504 cumque
620 3417 750 3491 cadent3
767 3438 827 3479 nec
839 3438 891 3478 me
903 3415 949 3477 vis
963 3411 1026 3475 ulla
1037 3408 1202 3474 volentem

319 3558 474 3636 Averteta
490 3581 559 3626 non
568 3606 577 3637 ‚
596 3559 623 3624 si
638 3557 788 3623 tellurem
805 3554 949 3619 effundat
964 3537 997 3614 in
1014 3550 1114 3613 undas

319 3691 450 3757 Diluvio
465 3693 619 3772 miscens,
637 3694 817 3778 coelumque
833 3692 867 3756 in
881 3694 1012 3756 Tartara
1029 3686 1153 3757 solvat:
1242 3735 1245 3743 ,

318 3833 361 3892 Ut
372 3845 534 3916 sceptrum
548 3829 610 3894 hoc
621 3833 632 3917 (
643 3833 757 3898 dextra
769 3845 932 3918 sceptrum
945 3849 1019 3895 nam
1031 3827 1116 3889 forte
1129 3821 1282 3908 gerebat)

319 3973 488 4054 Nunquam
500 3969 615 4034 fronde
626 3971 690 4036 levi
701 3971 814 4036 fundet
830 3969 966 4055 virgulta
979 3987 1084 4054 neque
1098 3963 1247 4034 umbras,
