2894 4812
288 402 351 464 212
547 395 767 458 AENElDOS
799 397 936 458 LIBER
970 397 1008 458 x.
1184 410 1207 438 '-
1222 394 1279 453 ⁵7²¹

287 545 329 606 Ut
343 537 472 614 videre,
485 551 575 600 metu
591 537 695 613 versi,
710 551 867 621 retroque
882 550 1014 598 ruentes
1029 581 1037 611 ,

287 678 531 762 Effunduntque
545 676 681 753 ducem,
695 676 890 762 rapiuntque
903 675 944 738 ad
954 674 1067 739 littora
1082 697 1209 738 currus.

330 908 459 967 Interea
469 903 588 990 bijugis
598 902 699 966 infert
715 923 748 964 se
761 904 905 986 Lucagus
921 899 1002 964 albis

286 1046 323 1104 ln
335 1041 476 1119 medios,
492 1041 658 1126 fraterque
674 1038 786 1124 Liger:
802 1037 858 1100 sed
873 1037 974 1100 frater
990 1037 1123 1100 habenis

286 1181 400 1244 Flectit
415 1201 531 1264 equos3
550 1177 699 1241 strictum
713 1190 800 1240 rotat
815 1198 889 1239 acer
904 1179 1049 1264 Lucagus
1064 1199 1184 1240 ensem.

284 1320 377 1383 Haud
395 1319 471 1382 tulit
486 1321 600 1384 AEneas
612 1332 704 1382 tanto
715 1317 845 1380 fervore
862 1315 1026 1390 furentesz
1078 1269 1081 1298 Ι

284 1459 404 1539 lrruit,
420 1459 619 1545 adversaque
630 1459 745 1544 ingens
756 1457 908 1544 apparuit
919 1456 1020 1520 hasta.

289 1601 351 1664 Cui
362 1601 457 1687 Liger
469 1626 477 1663 :

288 1768 302 1798 a
322 1745 396 1804 Non
412 1740 579 1804 Diomedis
591 1760 710 1825 equos,
727 1758 789 1800 neo
806 1757 920 1799 currus
936 1735 1042 1799 cernis
1058 1736 1189 1816 Achilli,

284 1886 348 1945 Aut
363 1879 677 1966 Phrygiaecampos:
695 1900 785 1942 nunc
796 1877 875 1942 belli
891 1876 964 1940 finis
977 1892 1011 1940 et
1022 1878 1080 1942 aevi

286 2023 342 2086 His
358 2022 488 2087 dabitur
502 2021 610 2084 terris.
634 2049 648 2079 υ
667 1999 794 2085 Vesano
810 2021 886 2085 talia
900 2021 964 2084 late
1035 2009 1038 2017 ’

285 2161 380 2225 Dicta
391 2158 503 2223 volant
515 2158 638 2243 Ligeri:
655 2157 792 2220 sednon
810 2173 843 2220 et
853 2161 969 2222 Troi'us
984 2159 1080 2221 heros

283 2295 380 2360 Dicta
391 2311 483 2382 parat
497 2311 611 2359 contra
621 2321 629 2372 3
640 2295 785 2379 jaculum
800 2319 876 2360 nam
892 2261 1024 2381 torquet
1035 2298 1069 2360 in
1087 2259 1224 2360 hostem.

285 2439 448 2521 Lucagus,
466 2451 503 2499 ut
518 2457 643 2522 pronus
657 2434 805 2522 pendens
820 2435 856 2498 in
870 2435 1009 2499 verbera
1024 2435 1091 2497 telo

232 2631 234 2636 .
286 2573 465 2638 Admonuit
477 2575 624 2660 bijugos,
640 2575 790 2661 projecto
805 2573 883 2640 dum
898 2573 981 2660 pede
997 2573 1078 2638 laevo

285 2717 385 2801 Aptat
398 2734 431 2776 ae
446 2735 581 2799 pugnam
600 2713 688 2778 subit
704 2735 777 2776 oras
792 2712 883 2776 hasta
898 2733 959 2798 per
974 2711 1053 2775 imas

286 2855 452 2942 Fulgentis
462 2853 583 2941 clypei,
598 2869 667 2918 tum
680 2852 797 2917 laevum
807 2851 954 2939 perforat
968 2849 1102 2937 inguen.

286 2995 445 3057 Excussus
460 3013 559 3056 curru
574 2991 789 3055 moribundus
805 2989 949 3054 volvitur
966 2989 1061 3054 arvis.

291 3136 397 3217 Quem
410 3134 483 3220 pius
498 3135 612 3196 AEneas
627 3131 721 3196 dictis
735 3131 853 3195 affatur
868 3129 982 3193 amaris
992 3130 1016 3166 ¹¹
1031 3153 1038 3189 :

292 3941 306 3971 a
319 3917 458 3998 Lucage,
473 3909 562 3973 nulla
575 3926 647 3976 tuos
659 3935 773 3976 currus
783 3912 860 3997 fuga
872 3911 979 4000 segnis
992 3932 1152 3997 equorum

278 4049 454 4127 Prodidit,
468 4064 524 4114 aut
534 4071 623 4114 vanae
636 4067 764 4116 vertere
778 4072 817 4113 ex
828 4050 975 4115 hostibus
989 4051 1111 4113 umbrae
1125 4075 1131 4110 ι
1207 4133 1209 4138 Ι
