2924 4808
304 443 345 504 50
523 440 752 502 AENEIDOS
783 440 925 501 LIBER
956 441 1060 503 Vlll.
1194 439 1282 486 v·⁵²⁰·

302 580 336 642 Si
347 579 467 642 bellum
480 578 664 663 ingrueret,
680 576 890 663 vulcaniaque
900 601 987 641 arma
999 600 1058 664 per
1070 600 1164 642 auras
1381 540 1383 547 Ι

301 719 448 778 Laturam
463 712 591 776 auxilio.

301 854 387 914 Heu!
402 866 528 936 quantae
539 851 662 913 miseris
676 850 776 913 caedes
791 851 1004 914 Laurentibus
1017 852 1156 914 instant!

303 992 390 1071 Quas
400 972 510 1075 poenas
522 987 616 1059 mihi,
630 992 753 1058 Turne,
769 986 875 1053 dabis!
890 1009 986 1072 quam
997 987 1097 1050 multa
1109 989 1169 1050 sub
1182 988 1284 1050 undas

302 1129 399 1189 Scuta
416 1107 517 1202 virum
531 1126 701 1212 galeasque
719 1141 752 1188 et
768 1125 864 1190 fortia
881 1148 1019 1211 corpora
1034 1125 1161 1203 volves,

303 1265 425 1350 Thybri
435 1268 544 1352 pater!
559 1269 697 1328 Poscant
708 1264 983 1342 acies‚etsoedera
995 1280 1158 1351 rumpant.
1174 1293 1189 1322 s

347 1909 421 1969 Haec
437 1907 493 1969 ubi
505 1907 591 1971 dicta
604 1906 710 1983 dedit,
726 1906 808 1969 solio
824 1927 857 1968 se
873 1903 959 1968 tollit
973 1907 1014 1969 ab
1029 1906 1114 1982 alt03

302 2048 343 2107 Et
356 2045 496 2130 primum
509 2044 674 2110 Herculeis
684 2045 803 2130 sopitas
812 2045 941 2130 ignibus
952 2065 1022 2108 aras

302 2184 443 2260 Excitat3
459 2183 709 2267 hesternumque
721 2186 850 2259 Larem,
864 2203 1045 2267 parvosque
1061 2185 1217 2261 Penates,

302 2326 405 2385 Laetus
417 2320 502 2384 adit:
517 2334 658 2382 mactant
671 2320 768 2383 lectas
780 2320 820 2384 de
831 2342 923 2385 more
937 2319 1101 2397 bidentes,

301 2457 468 2521 Evandrus
479 2457 613 2543 pariter,
626 2457 749 2542 pariter
759 2460 895 2540 Trojana
904 2459 1068 2541 juventus.

303 2600 382 2658 Post
395 2594 471 2658 hinc
486 2594 527 2657 ad
541 2616 639 2658 naves
654 2593 811 2679 graditur,
825 2595 992 2680 sociosque
1008 2596 1139 2660 revisit:

302 2740 450 2819 Quorum
462 2735 503 2798 de
514 2757 669 2812 numero,
686 2735 743 2819 qui
753 2756 821 2798 sese
832 2735 866 2797 in
877 2734 964 2799 bella
974 2751 1163 2820 sequantur,

301 2879 493 2938 Praestantes
507 2875 628 2936 virtute
640 2873 737 2958 legit3
755 2895 829 2958 pars
846 2885 959 2937 cetera
967 2879 1073 2960 pruna

297 2979 415 3070 Fertur
429 3030 528 3092 aqua,
547 3009 716 3093 segnisque
733 3008 874 3072 secundo
890 3009 1003 3074 defluit
1020 3011 1125 3088 amni,

300 3123 416 3210 Nuntia
432 3161 568 3209 ventura
586 3147 719 3210 Ascanio
736 3169 911 3233 rerumque
927 3149 1104 3235 petrisque.

299 3287 427 3346 Dantur
439 3284 514 3369 equi
527 3283 657 3347 Teucris
668 3285 835 3369 Tyrrhena
847 3286 1034 3372 petentibus
1045 3309 1120 3352 arva
1133 3312 1141 3348 ε

298 3421 430 3482 Ducunt
444 3438 604 3486 exsortem
619 3425 741 3502 mneae,
758 3447 855 3511 quem
871 3425 958 3491 fulva
973 3424 1076 3488 leonis

302 3553 398 3615 Psilis
409 3556 479 3618 obit
490 3573 611 3638 totum,
626 3560 818 3646 praefulgens
831 3563 992 3648 unguibus
1003 3561 1117 3624 aureis.

342 3938 435 4000 Fama
448 3937 553 4016 volat,
568 3961 699 4026 parvam
711 3940 818 4004 subito
831 3942 960 4030 vulgata
975 3965 1035 4030 per
1050 3943 1165 4008 urbem
1176 3991 1185 4020 ,

289 4072 393 4136 Ocius
409 4074 457 4138 ire
472 4076 596 4161 equites
611 4075 772 4162 Tyrrheni
787 4075 827 4140 ad
844 4076 954 4142 limina
970 4080 1067 4164 regis.
