2894 4812
292 425 356 490 ttt
541 421 774 489 bumbos
804 425 950 488 treet.
979 421 1041 490 xl.
1182 442 1206 472 v·
1222 437 1277 486 ¹⁷²·

290 570 402 651 Magna
420 580 539 650 tropaea
553 563 682 641 serunt,
697 583 779 648 quos
790 561 846 626 dat
855 577 911 626 tua
923 561 1147 628 dexteraleto.

285 784 333 844 Tu
344 802 475 866 quoque
485 801 574 844 nunc
585 794 686 844 stares
696 779 844 852 immanis
855 793 990 844 truncus
1000 780 1035 842 in
1047 779 1165 857 ermis,

286 923 377 982 Esset
391 939 450 1004 par
465 933 559 994 setas,
576 931 609 981 et
624 917 709 982 idem
724 917 751 982 si
766 919 870 983 robur
882 917 925 989 ab
941 919 1051 994 annis,

285 1041 405 1119 Turne.
419 1053 485 1118 Sed
493 1055 605 1119 infelix
616 1059 757 1120 Teucros
769 1033 849 1142 ‹iuid
860 1054 1014 1121 demoror
1024 1056 1145 1120 armis?

285 1193 417 1272 Vadite,
434 1208 467 1256 et
481 1192 548 1258 haee
561 1215 721 1258 memores
737 1195 809 1281 regi
822 1193 972 1262 mandata
985 1196 1125 1268 referte:

286 1332 384 1416 Quod
395 1331 494 1397 vitam
504 1353 617 1396 moror
627 1330 783 1411 invisam,
797 1331 944 1400 Pallante
957 1347 1131 1420 perempto
1138 1375 1148 1419 ,

283 1477 425 1537 Dextera
435 1493 529 1535 causa
539 1486 595 1535 tua
606 1485 670 1549 est,
681 1475 826 1536 Turnum
836 1486 980 1556 natoque
991 1471 1143 1558 putrique

286 1614 392 1693 Quam
404 1609 524 1673 debere
535 1607 644 1673 vides:
661 1607 788 1673 meritis
799 1624 892 1673 vacat
903 1606 956 1681 hic
971 1607 1031 1672 tibi
1042 1607 1130 1674 solus

286 1751 501 1833 Fortunaeque
516 1748 618 1812 locus.
635 1750 709 1813 Non
724 1748 796 1811 vite
813 1747 927 1834 gaudia
943 1769 1072 1833 quaero,

287 1888 352 1948 Nec
366 1885 431 1962 las3
448 1885 504 1949 sed
514 1901 593 1950 nato
605 1908 712 1952 manes
727 1886 875 1973 perferre
890 1887 951 1955 sub
965 1886 1059 1952 imos.
1076 1915 1091 1944 ι

331 2660 457 2721 Aurora
467 2655 590 2720 interea
601 2654 726 2722 miseris
739 2651 931 2718 mortalibus
945 2653 1061 2721 almam

286 2795 452 2861 Extulerat
461 2794 585 2874 lucem,
599 2793 745 2860 referens
758 2813 858 2880 opera
872 2807 970 2878 atque
984 2793 1123 2861 labores.

284 2939 357 2999 lam
370 2949 463 3022 pater
476 2935 609 3010 AEneas,
620 2934 689 3016 jam
699 2952 801 2996 marro
815 2930 851 2994 in
864 2928 977 2995 littore
991 2931 1116 2996 Tarcho

286 3072 492 3137 Constituere
505 3093 602 3159 pyras
613 3097 622 3148 3
632 3069 701 3135 'huc
717 3091 857 3157 corpora
867 3070 1005 3158 quisque
1017 3093 1150 3137 suorum

287 3212 376 3276 More
390 3209 495 3274 tulere
506 3224 654 3296 patrum;
667 3208 885 3295 subjectisque
895 3208 1025 3296 ignibus
1038 3210 1116 3274 atris

286 3347 448 3413 Conditor
459 3347 495 3412 in
507 3348 660 3413 tenebras
673 3345 775 3410 altum
791 3343 928 3434 caligine
942 3348 1071 3414 eoelum.

284 3489 347 3548 Ter
359 3484 481 3550 circum
492 3507 643 3552 accensos
651 3533 661 3564 ,
675 3485 773 3552 cincti
783 3485 982 3572 fulgentibus
998 3487 1113 3566 armis,

284 3625 467 3688 Decurrere
478 3646 592 3710 rogos3
608 3641 659 3690 ter
672 3641 822 3691 moestum
835 3627 958 3691 funeris
967 3627 1077 3713 ignem
1142 3715 1144 3720 Ι

284 3764 473 3826 Lustravere
484 3761 518 3824 in
534 3763 642 3849 equis,
656 3763 860 3850 ululatusque
873 3787 931 3830 ore
945 3763 1077 3830 dedere.

282 3897 453 3981 Spargitur
469 3911 503 3960 et
513 3897 608 3962 tellus
619 3900 789 3987 lacrymis,
805 3919 1004 3990 sparguntur
1014 3918 1048 3968 et
1063 3925 1165 3966 arma:

279 4023 309 4096 lt
321 4033 403 4098 coelo
414 4034 600 4122 clamorque
615 4039 741 4118 virtmt,
755 4039 954 4128 clangorque
969 4044 1133 4108 tuburum.
