2952 4812
300 395 361 456 tta
524 387 754 450 'AENEIDOS
784 387 929 446 LIBER
960 386 1040 446 ΧΗ.
1179 382 1278 440 aste

404 472 410 499 i

298 528 471 611 Adjiciam,
484 525 661 608 faciamque
672 543 784 586 omnes
799 543 864 586 uno
881 542 939 584 ure
953 518 1094 583 Latinos.

299 662 382 726 Hinc
396 683 514 747 genus,
531 659 672 724 Ausonio
687 659 821 722 mixtum
837 657 925 743 quod
941 656 1096 742 sanguiue
1109 671 1241 742 surget,

300 803 404 884 Supra
417 795 580 870 homines,
599 815 694 880 supra
708 795 756 857 ire
772 793 849 857 deos
863 792 983 879 pietate
996 789 1137 868 videbis;
1260 763 1261 768 ἵ

300 936 365 995 Nee
379 953 457 1016 gens
471 931 535 1002 ulla
549 946 621 993 tuos
635 953 725 1024 aeque
741 928 917 994 celebrabit
930 930 1084 1001 honores⁸¹
1104 959 1121 988 ι

301 1071 425 1135 Annuit
438 1069 603 1146 histum,
616 1083 650 1132 et
663 1084 805 1132 mentem
820 1041 923 1130 lietata
938 1067 1083 1138 retorsit

302 1212 430 1272 Interea
446 1206 572 1271 excedit
586 1206 688 1283 coelu,
705 1207 890 1290 nubemque
901 1203 1047 1290 reliquit.

349 1346 405 1408 His
419 1345 512 1419 actis,
529 1342 616 1406 aliud
626 1342 755 1427 genitor
772 1363 879 1405 secum
895 1341 964 1427 ipse
977 1340 1117 1414 volutat3

303 1489 537 1564 Juturnamque
550 1493 643 1565 parat
656 1479 765 1541 fratris
779 1478 941 1543 dimittere
956 1479 997 1542 ab
1011 1479 1118 1550 annis.

304 1619 465 1682 Dicuntur
480 1616 613 1702 geminae
628 1632 734 1702 pestes
748 1617 942 1702 cognomine
958 1618 1062 1696 Dirae,

306 1758 394 1837 Quas
411 1769 445 1820 et
460 1770 631 1820 tartaream
646 1757 716 1818 Nox
729 1755 920 1840 intempesta
935 1757 1105 1840 Megaeram
1133 1731 1136 1738 Α

306 1895 379 1956 Uno
395 1891 572 1979 eodemque
587 1893 661 1956 tulit
676 1907 788 1979 partu,
805 1892 1000 1978 paribusque
1014 1893 1157 1958 revinxit

309 2033 504 2117 Serpentum
518 2029 630 2116 spiris,
649 2044 861 2115 ventosasque
875 2029 998 2093 addidit
1011 2031 1086 2094 alas.

312 2170 368 2232 11ae
378 2167 470 2232 Jovis
482 2165 523 2230 ad
535 2165 669 2243 solium,
682 2167 819 2250 saevique
831 2167 866 2238 in
882 2166 992 2230 limine
1003 2167 1105 2254 regis,

313 2305 479 2394 Apparent
488 2348 497 2381 ,
513 2314 695 2387 acuuntque
712 2317 833 2368 metum
848 2304 1161 2390 mortalibusaegrim

312 2441 489 2528 Siquando
504 2440 605 2504 letum
620 2440 808 2504 horrificum
822 2443 1018 2528 morbosque
1032 2444 1127 2508 deum
1142 2466 1201 2512 rex

313 2577 456 2657 Molitur,
470 2579 600 2642 meritas
611 2594 666 2643 aut
676 2579 764 2644 bello
780 2579 908 2643 territat
921 2581 1029 2644 urbes.
1062 2663 1066 2672 1

312 2720 433 2779 Harum
451 2737 547 2778 unam
564 2715 700 2779 celerem
713 2716 840 2779 demisit
854 2717 894 2780 ab
909 2718 1028 2782 aethere
1043 2741 1168 2784 summo

311 2852 451 2939 Jupiter,
467 2853 565 2938 inque
582 2874 677 2922 omen
691 2857 837 2918 Juturnae
849 2879 1020 2922 occurrere
1027 2859 1132 2942 jussit.

313 2991 372 3056 Illa
386 2989 490 3067 volat,
508 2990 669 3077 celerique
680 2991 722 3055 ad
732 3007 853 3057 terram
865 2995 996 3068 turbine
1006 2996 1110 3076 fertur
1124 3022 1134 3066 a,

313 3133 387 3194 Non
398 3152 488 3194 secus
502 3151 538 3192 ac
550 3151 652 3193 nervo
664 3137 725 3215 per
734 3131 855 3200 nubem
865 3131 1001 3218 impulsa
1011 3135 1144 3219 sagitta,

313 3268 474 3330 Armatam
485 3267 559 3332 saevi
571 3267 708 3331 Parthus
723 3291 819 3354 quam
831 3269 905 3333 felle
918 3271 1035 3334 veneni
1048 3319 1057 3349 ,

314 3401 470 3479 Parthus,
488 3402 554 3467 sive
568 3403 683 3488 Cydon
698 3450 706 3481 ,
725 3403 824 3467 telum
835 3405 1090 3486 immedicabile,
1106 3409 1231 3486 torsit,

317 3536 464 3602 Stridens
478 3588 487 3621 2
500 3553 538 3603 ‘et
552 3542 671 3614 celeres
684 3543 849 3630 incognita
865 3546 1004 3618 transilit
1015 3548 1157 3611 umbras.

316 3676 398 3762 Talis
410 3700 443 3741 se
454 3693 521 3740 sata
533 3681 633 3744 Nocte
645 3681 735 3760 tulit,
754 3697 919 3770 terrasque
930 3685 1057 3771 petivit.

323 3812 497 3898 Postquam
512 3813 594 3878 acies
608 3817 696 3882 videt
709 3819 819 3884 Iliacas
831 3835 928 3907 atque
942 3821 1068 3906 agmina
1078 3822 1203 3898 Turni,

319 3944 411 4017 Alitis
423 3950 456 4011 in
468 3972 573 4036 parvae
584 3953 720 4020 subitam
733 3957 865 4022 collecta
878 3959 1010 4043 figuram
1026 4004 1034 4034 ,
1063 3953 1067 3960 ’
