2894 4812
300 380 361 440 282
545 375 770 438 AENElDOS
800 378 941 440 LIBER
973 379 1032 442 xl.
1170 381 1279 446 „wot-

295 517 435 580 Centum
450 531 595 579 oratores
609 515 712 600 prima
728 513 770 578 de
785 529 882 600 gente
897 515 1026 582 latinos
1322 471 1325 480 Δ

292 658 342 718 lre
353 654 473 740 placet,
486 651 637 738 pacisque
649 673 746 714 manu
757 651 959 736 praetendere
971 674 1096 728 ramos3

292 796 422 854 Munera
433 803 601 875 portantes
611 787 745 873 aurique
756 787 927 873 eborisque
943 786 1082 866 talenta,

290 933 331 993 Et
343 928 452 994 sellam
464 929 558 1014 regni
569 929 776 1014 trabeamque
788 927 924 1014 insignia
935 928 1050 992 nostri.

290 1069 456 1133 Consulite
465 1068 500 1132 in
511 1066 651 1134 medium
659 1113 668 1146 ,
682 1082 716 1130 et
726 1068 824 1132 rebus
835 1068 1012 1132 succurrite
1025 1067 1127 1134 fessis.
1146 1099 1160 1129 ι

330 1663 410 1721 Tum
421 1664 565 1721 Drances
578 1657 663 1722 idem
673 1658 833 1734 infensus,
848 1679 944 1742 quem
955 1657 1057 1743 gloria
1067 1661 1187 1724 Turni⁷

288 1797 427 1882 Obliqua
442 1796 562 1860 invidia
578 1795 778 1880 stimulisque
793 1795 934 1881 agitabat
948 1797 1081 1874 amaris,

285 1939 402 2020 Largus
414 1956 529 2019 opum,
543 1948 577 1996 et
588 1933 696 2018 lingua
708 1932 834 2007 melior,
848 1931 903 1996 sed
915 1933 1030 2020 frigida
1042 1934 1128 1998 bello

285 2079 444 2148 Dextera,
462 2069 602 2135 consiliis
617 2071 745 2136 habitus
759 2092 827 2134 non
842 2071 942 2137 futilis
955 2088 1080 2150 auctor,

283 2211 448 2276 Seditione
459 2224 576 2295 potens
587 2208 597 2292 (
607 2229 707 2292 genus
719 2206 793 2270 huic
806 2223 950 2274 materna
961 2209 1136 2294 superbum

282 2347 437 2412 Nobilitas
453 2345 567 2424 dabat,
585 2346 745 2410 incertum
760 2344 800 2408 dc
815 2361 909 2432 patre
924 2348 1089 2433 ferebat),

281 2487 410 2573 Surgit,
425 2501 458 2548 et
471 2485 521 2547 his
532 2499 646 2547 onerat
660 2483 753 2549 dictis
763 2531 771 2562 ,
780 2467 883 2569 'atquc
894 2500 1025 2571 aggerat
1037 2487 1117 2549 iras:

281 2813 295 2842 a
311 2789 390 2848 Rem
400 2783 483 2848 nulli
494 2785 684 2861 obscuram,
699 2798 819 2848 nostrae
831 2806 892 2850 neo
902 2787 990 2852 vocis
1004 2804 1171 2874 egentem,

277 2923 443 2999 Consulis,
458 2945 478 2986 o
490 2923 662 2986 bouerex:
677 2901 787 2986 cuncti
797 2945 830 2985 se
842 2923 923 2986 scire
935 2924 1080 2990 fatentur

277 3064 365 3150 Quid
375 3063 504 3127 fortuna
519 3075 608 3147 petat
619 3060 752 3147 populi3
767 3062 823 3125 sed
834 3057 942 3126 dicere
954 3057 1107 3126 mussant.

276 3210 341 3270 Det
354 3202 538 3265 libertatem
553 3197 661 3278 fandi,
680 3198 837 3284 flatusque
853 3201 1017 3302 remittat,

276 3342 375 3423 Cujus
386 3340 430 3404 ob
441 3338 618 3425 auspicimn
628 3337 801 3404 infaustum
813 3359 984 3423 morasque
995 3339 1140 3407 sinistros

273 3477 406 3563 (Dicam
419 3477 584 3561 equidem,
599 3475 675 3538 licet
686 3495 774 3538 arma
787 3475 866 3538 mihi
879 3489 1083 3560 mortemque
1096 3476 1272 3562 minetur),

273 3615 406 3680 Lumina
419 3627 469 3676 tot
485 3613 634 3678 cecidisse
648 3613 784 3692 ducum,
799 3629 966 3698 totamque
982 3611 1126 3676 videmus

272 3751 462 3818 Consedisse
476 3750 589 3813 urbem
604 3751 711 3829 luctu,
730 3751 805 3815 dum
821 3757 915 3816 Trota
934 3767 1038 3815 tentat

270 3892 401 3965 Castra,
416 3886 499 3974 fugae
516 3885 617 3964 fidens
626 3934 635 3965 ,
653 3905 687 3954 et
702 3889 817 3958 coelum
834 3892 962 3956 territat
976 3891 1084 3958 armis.

274 4033 380 4097 Unum
397 4023 493 4092 etiam
508 4024 602 4092 donis
614 4026 698 4104 istis,
712 4049 784 4113 que
798 4027 937 4112 plurima
953 4030 1037 4094 mitti
