3004 4796
305 393 344 449 uu
531 385 762 445 AENEIDOS
791 384 934 444 LIBER
966 384 1068 444 Vlll.
1202 383 1290 442 auu.

305 530 447 612 Stuppea
463 526 587 588 ilarnma
603 545 720 600 artano,
739 523 874 610 telisque
890 524 1022 587 volatile
1038 524 1161 590 serrum
1209 528 1227 538 ”

304 665 473 752 Spargitur
488 684 495 724 t
513 683 588 726 arva
604 684 689 726 nova
704 663 864 748 Neptunia
879 663 964 724 caede
980 664 1168 729 rubescunt.

303 804 425 890 Regina
442 804 476 867 in
492 803 604 866 mediis
619 802 724 888 patrie
740 814 834 864 vocat
848 801 975 886 agmina
990 801 1105 878 sistr03

303 941 446 1005 Necdum
460 942 556 1005 etiam
573 941 718 1026 geminos
732 962 749 1001 a
765 954 859 1024 tergo
875 911 1007 1024 respicit
1021 960 1152 1025 angues.

304 1081 589 1166 omnigenumque
602 1079 700 1142 deum
715 1094 879 1154 monstra,
898 1093 932 1140 et
946 1077 1082 1143 latrator
1098 1081 1240 1159 Anubis,

302 1219 426 1282 Contra
442 1221 628 1302 Neptunum
642 1230 675 1308 et
689 1217 870 1290 Venerem,
888 1228 1068 1300 contraque
1085 1216 1262 1282 Minervam

303 1354 379 1418 Tela
395 1367 507 1416 tenent
524 1377 531 1414 ι
552 1352 640 1414 saevit
658 1350 764 1414 medie
780 1350 815 1413 in
830 1351 1006 1415 certamine
1022 1355 1147 1417 Mavors

304 1494 442 1558 Caelatus
458 1493 565 1568 serre,
583 1491 754 1574 tristesque
771 1511 809 1553 ex
824 1490 941 1554 aethere
957 1489 1062 1568 Dirre3

306 1637 346 1696 Et
361 1633 456 1696 scissa
471 1631 613 1718 gaudeus
628 1629 715 1694 vadit
732 1629 900 1694 Discordia
915 1630 1016 1728 palla,

307 1774 411 1853 Quam
427 1794 499 1834 eum
513 1770 688 1856 sanguineo
703 1769 849 1853 sequitur
865 1769 997 1834 Bellona
1012 1770 1149 1854 flagelio.
1166 1861 1170 1868 ι

351 2943 459 3006 Aetius
473 2941 540 3005 heae
557 2964 693 3006 cernens
706 2965 815 3006 arcum
828 2944 1017 3008 intendebat
1034 2943 1151 3030 Apollo

307 3081 453 3167 Desuper
469 3103 476 3140 :
495 3079 599 3142 omnis
614 3103 653 3142 eo
669 3095 796 3144 terrore
811 3085 986 3168 AEgyptus,
1004 3097 1037 3146 et
1049 3082 1139 3158 Indi,

308 3216 423 3284 Omnis
436 3215 556 3294 Arabe,
574 3241 686 3281 omnes
702 3221 873 3284 vertebant
889 3236 980 3306 terga
995 3221 1108 3286 Sabaei.

304 3358 375 3442 lpsa
389 3357 561 3422 videbatur
577 3356 681 3421 ventis
693 3357 806 3442 regina
820 3357 942 3422 vocatis

304 3493 382 3556 Vela
397 3492 493 3568 dare,
511 3509 544 3556 et
558 3493 647 3556 laxos
658 3495 854 3579 jamjamque
870 3493 1045 3556 immittere
1060 3493 1165 3558 funes.

300 3625 392 3690 lllam
407 3626 630 3705 intercades,
648 3629 824 3715 pallentem
839 3646 945 3694 morte
961 3630 1089 3707 futura,

302 3767 435 3826 Fecerat
448 3763 633 3850 ignipotens
649 3766 744 3829 undis
761 3782 792 3830 et
808 3768 916 3854 lapige
932 3767 1031 3832 serri:

301 3901 425 3962 Contra
440 3914 547 3964 autem
562 3925 679 3988 magno
695 3921 886 3969 moerentem
903 3928 1043 3993 corpore
1060 3905 1184 4005 Nilum,

300 4037 566 4123 Pandentemque
584 4041 690 4118 sinus,
709 4057 742 4105 et
757 4055 825 4106 tota
841 4060 929 4110 veste
946 4059 1117 4110 vocantem
