2894 4812
337 425 395 485 {96
575 411 819 481 .AENElDOS
849 416 986 481 LIBER
1017 417 1057 482 Χ.
1226 435 1247 463 ’-
1266 415 1316 483 ³99·

331 563 411 624 'lum
428 557 531 621 Pallas
543 556 661 642 bijugis
674 556 848 642 fugientem
863 556 996 621 Rhoetea
1007 573 1126 644 praeter

330 698 475 781 Trajicit:
490 697 553 761 hoc
567 697 723 784 spatium,
737 711 926 781 tantumque
944 711 1042 759 morae
1056 696 1117 759 fuit
1131 696 1199 760 llo:

328 837 378 901 llo
389 859 528 922 namque
538 827 655 923 procul
669 825 806 898 validam
818 823 978 898 direxerat
993 833 1134 914 hastam,
1219 889 1223 899 .

329 978 433 1058 Quam
445 974 568 1039 medius
578 974 732 1038 Rhoeteus
741 973 922 1058 intercipit,
938 972 1060 1058 optime
1070 974 1212 1038 Teuthra
1225 1021 1234 1052 ,

328 1119 372 1178 Te
383 1112 507 1200 fugiens
517 1113 714 1198 fratremque
724 1115 849 1196 Tyren3
864 1121 1027 1196 curruque
1037 1111 1167 1175 volutus

327 1253 431 1318 Caedit
445 1252 636 1317 semianimis
652 1248 847 1315 Rutulorum
863 1248 1003 1314 calcibus
1017 1263 1105 1313 arva.

374 1433 418 1494 lc
431 1429 521 1494 velut
535 1443 647 1516 optato
663 1425 768 1494 ventis
783 1441 892 1492 aestate
906 1427 1028 1492 coortis

326 1565 477 1657 Dispersa
491 1569 635 1634 immittit
649 1567 736 1633 silvia
750 1566 900 1631 incendia
913 1581 1042 1654 pastore

328 1703 495 1791 Correptis
509 1704 616 1768 subito
633 1704 763 1782 mediisq
780 1703 969 1768 extfitditur
985 1717 1046 1767 unt

325 1841 464 1905 Horrida
478 1863 539 1926 per
553 1831 635 1904 latos
650 1840 733 1904 acies
746 1838 893 1903 vulcania
909 1851 1055 1926 campos}

325 1945 382 2040 llle
394 1977 507 2040 sedens
517 1977 624 2044 victor
635 1965 776 2060 flammas
786 1977 951 2064 despectat
963 1949 1116 2042 orantes:

326 2118 398 2179 Nou
411 2115 504 2179 aliter
515 2117 636 2180 socium
648 2117 750 2181 virtus
763 2117 829 2182 coit
839 2115 945 2182 omnis
954 2115 989 2180 in
1000 2138 1122 2193 uuum,

324 2257 433 2338 Teque
443 2256 550 2336 juvat,
563 2253 664 2318 Palla.
682 2251 747 2318 Sed
761 2251 854 2317 bellis
868 2273 943 2316 acer
955 2249 1089 2314 llalesus

325 2390 441 2455 Tendit
451 2390 485 2455 in
496 2390 647 2456 adversos
654 2439 664 2470 ‚
678 2413 777 2477 seque
787 2391 822 2455 in
834 2413 889 2455 sna
902 2387 1026 2475 colligit
1036 2409 1135 2452 arma.

325 2529 384 2592 llic
396 2529 670 2632 mactatnladona,
684 2529 904 2614 Pheretaque,
918 2525 1224 2612 Demodocumque:

270 2749 277 2762 ι
323 2669 513 2754 Strymonio
528 2669 674 2733 dextram
688 2665 825 2766 fulgenti
839 2666 959 2754 deripit
974 2689 1050 2732 ense
1104 2723 1107 2728 ,

325 2803 447 2868 Elatam
460 2805 495 2870 in
506 2802 672 2889 jogulnm3
690 2825 765 2866 saxo
779 2803 856 2866 ferit
871 2825 928 2867 ora
943 2803 1115 2882 Thoantis,
1182 2880 1184 2885 Ι

325 2945 470 3028 Ossaque
481 2940 632 3026 dispersit
642 2940 778 3005 cerebro
789 2940 948 3026 permixta
958 2956 1107 3006 cruento.

327 3079 402 3144 Fata
414 3099 532 3143 canens
542 3077 630 3141 silvis
640 3079 769 3164 genitor
781 3079 901 3144 celarat
913 3081 1063 3147 Halesum
1075 3106 1083 3144 ε

326 3221 369 3282 Ut
383 3217 491 3282 senior
506 3216 573 3280 leto
589 3217 735 3281 canentia
751 3216 873 3282 lumina
889 3219 1002 3299 solvit,

323 3362 467 3443 lnjeoere
482 3379 612 3422 manum
627 3361 753 3434 Parcae,
769 3355 905 3442 telisque
919 3377 1086 3426 sacrarunt

325 3496 480 3570 Evandri3
494 3508 592 3580 quem
603 3493 648 3557 sic
658 3492 762 3558 Pallas
771 3493 872 3580 petit,
886 3509 962 3560 ante
972 3512 1119 3583 precatus
1129 3523 1137 3561 ε

328 3659 341 3686 a
359 3634 406 3692 Da
418 3651 523 3705 nunc,
536 3628 658 3714 Thybri
669 3644 772 3715 pater,
785 3628 891 3708 ferro,
905 3631 994 3717 qnod
1006 3633 1122 3700 missile
1133 3636 1237 3715 libro,

326 3771 500 3830 Fortunam
511 3736 607 3851 atque
618 3767 702 3830 viam
713 3763 786 3830 duri
797 3789 856 3853 per
868 3785 981 3856 pectus
993 3771 1116 3866 Halasit

324 3909 399 3968 llaec
410 3923 499 3968 arma
510 3904 701 3991 exuviasque
712 3905 772 3968 viri
784 3919 837 3968 tua
849 3929 987 3992 quercus
998 3909 1140 3973 habebit.
1157 3941 1170 3969 »ι
1433 3913 1434 3981 l

325 4041 434 4107 Audiit
448 4040 502 4104 illa
519 4040 618 4104 dens:
635 4040 712 4105 dum
729 4040 807 4104 texit
820 4042 949 4108 Imaona
967 4043 1117 4122 Halesus,
