2894 4812
301 414 363 475 288
541 415 765 478 AENEIDOS
796 417 941 479 LIBER
971 419 1032 480 Xl.
1197 413 1285 464 v·³⁶⁸·

298 553 390 616 Haud
405 553 449 616 ita
463 575 515 617 mc
528 554 652 640 experti
663 555 759 617 Bitias
777 569 810 616 et
827 555 990 618 Pandarus
1000 555 1132 642 ingens,

298 697 339 755 Et
354 714 434 778 quos
445 689 533 754 mille
548 690 599 753 die
616 691 720 754 victor
735 690 795 753 sub
807 695 939 754 Tartara
950 692 1040 771 misi,

297 829 363 892 lncl
369 851 440 892 usus
455 828 555 892 muris
566 874 575 907 ,
592 829 765 916 hostilique
777 853 893 917 aggere
905 839 1032 917 saep'tus.

298 968 392 1031 Nulla
405 968 488 1031 salus
499 967 606 1032 bello!
628 968 733 1053 Capiti
749 991 828 1032 caue
845 969 920 1032 talia
934 969 1066 1033 demens
1079 969 1082 973 ’

299 1104 462 1168 Dardanio
477 1105 637 1189 rebusque
649 1107 723 1167 tuis.
738 1105 882 1170 Proinde
898 1106 1005 1170 omnia
1020 1127 1137 1191 magno

299 1249 345 1308 Ne
360 1266 445 1308 cessa
457 1244 588 1306 turbare
602 1257 708 1321 metu,
726 1259 823 1329 atquc
836 1242 992 1308 extollere
1006 1244 1091 1307 vires

299 1383 413 1448 Gentis
424 1382 472 1445 bis
486 1382 597 1457 victae,
616 1394 730 1444 contra
746 1402 895 1466 premere
907 1380 993 1445 arma
1004 1381 1120 1445 Latini.

297 1528 389 1587 Nunc
400 1537 433 1586 et
446 1520 685 1606 Myrmidonum
699 1542 852 1606 proceres
867 1520 1007 1607 Phrygia
1021 1543 1108 1584 arma
1123 1521 1317 1596 tremiscunt,

299 1667 391 1726 Nunc
407 1676 439 1756 et
451 1658 599 1744 Tydides,
619 1658 824 1750 etLarissaeus
836 1658 974 1722 Achillas
987 1683 996 1734 ς

299 1798 410 1862 Amnis
425 1813 457 1860 et
473 1797 643 1860 Hadriacas
655 1811 745 1860 retro
755 1796 839 1881 fugit
849 1795 981 1860 Aufidus
993 1794 1104 1860 undas.

299 1934 356 1998 Vel
369 1956 469 2020 quum
484 1956 517 1996 se
533 1933 684 2029 pavidum
699 1947 814 1996 contra
827 1953 897 1996 mea
911 1934 1016 2019 jurgia
1031 1933 1124 2020 lingit

298 2073 436 2138 Artificis
452 2071 575 2149 scelus,
590 2086 622 2135 et
635 2071 807 2134 formidine
823 2071 945 2135 crimen
958 2072 1098 2134 acerbat.

301 2219 469 2298 Nunquam
481 2211 619 2275 animam
635 2211 731 2274 talem
747 2211 859 2274 dextra
872 2211 932 2275 hac
947 2211 1084 2298 (absiste
1097 2211 1236 2296 moveri)

298 2353 434 2416 Amittes
447 2377 454 2429 ;
468 2350 592 2415 habitet
603 2365 709 2414 tecum
720 2397 728 2427 ‚
739 2365 776 2414 et
790 2350 831 2415 sit
841 2364 975 2436 pectore
990 2348 1024 2413 in
1038 2349 1113 2413 isto.

299 2493 392 2553 Nunc
407 2489 447 2552 ad
459 2503 491 2552 te
503 2535 511 2561 ‚
525 2503 558 2551 et
575 2503 629 2552 tua
645 2507 779 2572 magna,
795 2501 900 2572 pater,
915 2486 1061 2550 consulta
1078 2500 1236 2550 revertor.

300 2627 335 2691 Si
348 2626 470 2690 nullam
485 2626 604 2702 nostris
620 2625 706 2688 ultra
721 2647 810 2711 spem
826 2624 920 2711 ponis
934 2625 968 2688 in
981 2624 1095 2700 amic,

299 2764 333 2827 Si
350 2780 416 2827 tam
426 2761 546 2826 deserti
561 2784 687 2840 sumus,
702 2777 735 2824 ct
751 2761 848 2825 semel
862 2762 987 2848 agmine
1004 2783 1099 2826 verso

298 2902 453 2965 Funditus
464 2901 655 2972 occidimus,
672 2922 778 2987 neque
793 2901 892 2965 habet
902 2901 1033 2964 fortuna
1044 2921 1222 2986 regressum
1237 2926 1244 2974 ;

298 3043 437 3105 Oramus
451 3061 583 3128 pacem,
602 3055 635 3104 et
650 3040 778 3103 dextras
793 3042 961 3105 tendamus
972 3041 1105 3105 inertes.

298 3183 508 3265 Quanquam,
526 3200 567 3257 o,
585 3177 611 3240 si
627 3177 728 3242 solitae
743 3178 920 3264 quidquam
934 3179 1064 3244 virtutis
1076 3179 1238 3242 adesset...

295 3318 353 3382 llle
370 3319 446 3382 mihi
462 3332 537 3381 ante
551 3315 649 3390 alios,
668 3316 912 3402 fortunatusque
924 3316 1091 3395 laborum,

297 3455 515 3541 Egregiusque
531 3452 648 3531 animi,
666 3453 739 3538 qui,
757 3452 894 3538 nequid
911 3453 974 3516 talc
991 3453 1135 3532 videret,

298 3593 477 3656 Procubuit
491 3594 653 3671 moriens,
671 3609 704 3657 et
719 3593 852 3656 humum
867 3592 965 3657 semel
980 3614 1038 3656 ore
1052 3592 1237 3656 momordit.

299 3731 357 3795 Sin
371 3746 404 3794 et
420 3751 498 3816 opes
511 3693 624 3806 nobis,¹
643 3746 675 3793 et
689 3730 793 3794 adhuc
811 3730 931 3794 intacta
942 3732 1115 3813 juventus,

296 3869 487 3955 Auxilioque
505 3869 600 3933 urbes
615 3872 701 3935 ltalae
716 3870 894 3957 populique
910 3883 1100 3955 supersunt3

298 4007 355 4072 sin
370 4021 404 4070 et
418 4006 561 4087 Trojanis
577 4029 650 4069 cum
667 4008 770 4071 multo
788 4007 891 4092 gloria
906 4007 995 4071 venit
