2996 4826
329 400 391 462 320
570 397 802 459 AENEIDOS
832 395 972 456 LIBER
1004 396 1064 454 xl.
1207 408 1231 439 v·
1246 399 1302 449 744.

325 534 524 598 Convertere
537 533 666 598 oculos:
680 531 767 598 volat
776 533 887 619 igneus
898 553 1026 617 aequore
1036 531 1178 608 Tarcho,

323 677 418 736 Arma
432 675 600 759 virumque
614 671 740 738 ferens:
760 689 828 736 tum
840 694 959 736 summa
976 671 1075 757 ipsius
1088 671 1130 734 ab
1145 671 1233 734 hasta

323 810 488 896 Defringit
500 811 640 886 ferrum,
658 824 690 872 et
704 824 812 894 partes
826 808 959 872 rimatur
973 822 1119 892 apertas,

322 950 393 1029 Qua
407 946 523 1011 vulnus
537 946 631 1009 letale
646 946 738 1008 ferat.
755 946 877 1009 Contra
890 943 944 1008 ille
959 966 1142 1031 repugnans

319 1086 463 1149 Sustinet
476 1107 493 1148 a
505 1083 619 1170 jugulo
634 1082 797 1159 dextram,
815 1097 848 1145 et
862 1082 927 1146 vim
944 1081 1064 1146 viribus
1079 1081 1155 1144 exit.

318 1190 424 1307 thue
437 1221 547 1286 volans
558 1220 622 1283 alte
634 1236 761 1306 raptum
774 1242 874 1305 quum
884 1217 970 1282 fulva
980 1217 1152 1281 draconem

320 1360 396 1419 Fert
405 1355 527 1441 aquila,
541 1355 761 1442 implicuitque
772 1355 886 1442 pedes',
900 1369 997 1440 atque
1014 1343 1173 1440 unguibus
1184 1355 1291 1431 haesit3

317 1495 449 1560 Saucius
463 1510 497 1557 at
511 1515 641 1580 serpens
658 1493 785 1557 sinuosa
801 1493 963 1557 volumina
978 1508 1101 1571 versat,

317 1634 521 1718 Arrectisque
536 1633 649 1696 horret
664 1632 820 1716 squamis,
839 1646 871 1694 et
886 1631 994 1694 sibilat
1008 1654 1084 1708 ore,

317 1772 442 1834 Arduus
455 1771 641 1856 insurgens3
655 1768 709 1833 illa
720 1767 804 1832 haud
814 1767 919 1831 minus
929 1783 1024 1854 urget
1034 1766 1161 1831 obunco

317 1915 506 1974 Luctantem
520 1924 646 1984 rostro;
663 1907 756 1970 simul
772 1907 889 1970 aethera
905 1907 1053 1970 verberat
1067 1905 1142 1970 alise

318 2046 409 2109 Haud
421 2046 513 2108 aliter
524 2043 662 2130 praedam
674 2045 842 2108 Tiburtum
854 2067 892 2106 ex
902 2044 1027 2130 agmine
1039 2042 1160 2106 Tarcho

317 2189 430 2248 Portet
441 2205 555 2260 ovansr
569 2182 658 2246 ducis
669 2182 850 2268 exemplum
863 2199 1077 2274 eventumque
1089 2183 1188 2246 secuti

314 3185 476 3251 Maeonidae
490 3174 671 3250 incurrunt,
690 3191 771 3249 Tum
785 3187 857 3250 fatis
872 3188 999 3251 debitus
1013 3192 1135 3252 Arruns

313 3329 462 3394 Velocem
472 3329 580 3413 jaculo
596 3343 630 3392 et
643 3327 741 3391 multa
756 3327 847 3412 prior
861 3343 928 3390 arte
943 3328 1109 3394 Camillam
1141 3408 1143 3412 ι

312 3465 451 3542 Circuit,
467 3481 499 3528 et
514 3489 584 3550 quae
599 3467 640 3528 sit
654 3465 783 3528 fortuna
799 3465 947 3528 facillima
962 3481 1075 3537 tentat.

312 3604 384 3683 Qua
399 3623 432 3664 se
447 3623 583 3687 cumque
600 3603 708 3666 furens
722 3603 829 3670 medio
844 3604 917 3668 tulit
932 3603 1058 3692 agmine
1076 3608 1186 3693 virge,

310 3742 375 3800 llac
390 3741 513 3800 Arruns
527 3737 629 3816 subit,
646 3755 678 3803 et
693 3733 806 3804 tacitus
819 3717 949 3830 vestigia
964 3741 1099 3807 lustrat:

224 3957 227 3963 Ι
310 3877 382 3955 Qua
395 3874 510 3937 victrix
526 3874 611 3936 redit
626 3877 698 3955 illa,
716 3881 895 3965 pedemque
911 3903 949 3944 ex
963 3882 1056 3945 hoste
1071 3897 1237 3968 reportat,

242 4021 244 4028 '
308 4014 373 4074 llac
385 4011 512 4093 juvenis
527 4010 636 4074 furtim
653 4015 772 4082 celeres
787 4017 961 4102 detorquet
975 4019 1125 4083 habenas.
