2908 4810
303 393 1264 429 m

520 637 808 756 LIBER
863 635 1032 754 XII.

754 997 822 1005 —2-

342 1189 468 1248 Turnus
483 1199 519 1246 ut
533 1183 687 1247 infractos
700 1181 836 1248 adverso
850 1197 953 1247 marte
967 1181 1097 1247 Latinos

299 1323 459 1388 Defecisse
474 1322 580 1400 videt,
594 1343 649 1386 sua
664 1343 754 1386 nunc
768 1305 924 1408 promissa
938 1322 1083 1410 reposci,

299 1467 342 1529 Se
357 1463 477 1550 signari
491 1461 609 1538 oculis3
626 1460 714 1526 ultro
728 1459 939 1547 implacabilis
953 1459 1063 1538 ardet,

300 1598 494 1684 attollitque
507 1597 641 1662 animm.
655 1601 832 1661 Poenorum
843 1595 944 1682 qualis
954 1595 991 1660 in
1001 1595 1087 1660 arvis

301 1737 434 1800 Saucius
447 1733 501 1798 illc
517 1734 606 1824 gravi
621 1750 796 1799 venantum
811 1731 946 1798 vulnere
962 1747 1074 1820 pectus

300 1878 382 1938 Tum
393 1873 523 1936 demum
534 1885 644 1936 movet
653 1892 742 1934 arma
751 1870 820 1948 leo,
835 1869 1017 1956 gaudetque
1028 1884 1193 1934 comantes

303 2008 476 2072 Excutiens
490 2008 616 2073 cervice
630 2021 736 2084 toros,
754 2005 917 2093 fixumque
931 2007 1065 2072 latronis

302 2141 484 2230 Inpavidus
494 2145 614 2232 frangit
625 2144 742 2222 telum,
756 2161 790 2208 et
800 2143 909 2208 fremit
919 2166 976 2208 ore
989 2159 1143 2210 cruento:

304 2281 397 2346 Haud
411 2304 503 2347 secus
516 2305 650 2350 accenso
665 2284 770 2370 gliscit
783 2283 937 2349 violentia
952 2288 1074 2350 Turno.

304 2422 385 2482 Tum
395 2419 441 2483 sio
451 2420 568 2486 ellatur
578 2443 706 2508 regern,
719 2436 816 2508 atque
827 2421 872 2486 ita
881 2420 1029 2486 turbidus
1039 2421 1128 2484 iniit:

308 2581 323 2612 α
334 2555 427 2619 Nulla
437 2579 528 2622 mora
537 2558 572 2623 in
582 2563 709 2638 Turno;
722 2561 805 2625 nihil
815 2575 863 2624 est
873 2559 961 2647 quod
971 2559 1055 2623 dicta
1066 2571 1245 2623 retractent

307 2693 418 2777 Ignavi
431 2694 597 2773 AEneadae,
613 2718 675 2759 nec
689 2718 760 2782 quat
775 2697 926 2784 pepigere
941 2711 1101 2760 recusent.

309 2830 512 2916 Congredior
522 2855 529 2897 :
541 2833 591 2897 fer
601 2855 704 2913 sacra,
717 2850 828 2920 pater‚·
836 2850 869 2899 ct
880 2827 1014 2922 concipe'
1024 2834 1127 2898 foedus
1137 2837 1161 2911 ¹,

310 2971 375 3031 Aut
384 2966 443 3031 hac
454 2969 649 3033 Dardanium
660 2971 770 3035 dextra
783 2973 844 3035 sub
853 2975 983 3036 Tartara
993 2972 1119 3035 mittam

311 3107 518 3172 Desertorem
530 3108 608 3173 Asiae
618 3108 770 3196 (sedeant
781 3124 991 3197 spectentque
1002 3109 1143 3196 Latini),

313 3247 353 3306 Et
368 3244 454 3309 solus
468 3244 557 3309 ferro
571 3245 693 3314 crimen
708 3269 877 3311 commune
892 3245 1050 3321 refellam

314 3382 377 3444 Aut
391 3381 508 3447 habeat
521 3384 639 3464 victos,
658 3384 749 3449 cedat
762 3385 889 3448 Lavinia
905 3386 1032 3468 conjux.
1048 3411 1062 3440 u

360 4034 427 4098 Olli
440 4034 549 4099 sedato
565 4036 731 4122 respondit
745 4036 842 4102 corde
858 4037 1004 4100 latinus:
