<?xml version="1.0" encoding="UTF-8"?>
<!DOCTYPE html PUBLIC "-//W3C//DTD XHTML 1.0 Transitional//EN"
    "http://www.w3.org/TR/xhtml1/DTD/xhtml1-transitional.dtd">
<html xmlns="http://www.w3.org/1999/xhtml" xml:lang="en" lang="en">
 <head>
  <title>
</title>
<meta http-equiv="Content-Type" content="text/html;charset=utf-8" />
  <meta name='ocr-system' content='tesseract 3.04.00' />
  <meta name='ocr-capabilities' content='ocr_page ocr_carea ocr_par ocr_line ocrx_word'/>
</head>
<body>
  <div class='ocr_page' id='page_1' title='image "./oeuvresdedelill00tissgoog_0230.png"; bbox 0 0 2894 4812; ppageno 0'>
   <div class='ocr_carea' id='block_1_1' title="bbox 271 367 1270 1405">
    <p class='ocr_par' dir='ltr' id='par_1_1' title="bbox 273 367 1270 736">
     <span class='ocr_line' id='line_1_1' title="bbox 277 367 1270 434; baseline -0.01 0"><span class='ocrx_word' id='word_1_1' title='bbox 277 374 342 434; x_wconf 73' lang='lat'>220</span> <span class='ocrx_word' id='word_1_2' title='bbox 532 370 755 432; x_wconf 84' lang='lat' dir='ltr'>AENElDOS</span> <span class='ocrx_word' id='word_1_3' title='bbox 785 369 929 431; x_wconf 82' lang='lat' dir='ltr'>LIBER</span> <span class='ocrx_word' id='word_1_4' title='bbox 958 369 998 430; x_wconf 89' lang='lat' dir='ltr'>X.</span> <span class='ocrx_word' id='word_1_5' title='bbox 1174 367 1270 424; x_wconf 62' lang='lat' dir='ltr'>ussflt·</span> 
     </span>
     <span class='ocr_line' id='line_1_2' title="bbox 273 505 1202 593; baseline 0.002 -22"><span class='ocrx_word' id='word_1_6' title='bbox 273 512 382 593; x_wconf 87' lang='lat' dir='ltr'>Quum</span> <span class='ocrx_word' id='word_1_7' title='bbox 391 512 535 572; x_wconf 87' lang='lat' dir='ltr'>Turnum</span> <span class='ocrx_word' id='word_1_8' title='bbox 547 505 655 570; x_wconf 93' lang='lat' dir='ltr'>medio</span> <span class='ocrx_word' id='word_1_9' title='bbox 667 507 792 570; x_wconf 87' lang='lat' dir='ltr'>interce</span> <span class='ocrx_word' id='word_1_10' title='bbox 802 507 867 572; x_wconf 85' lang='lat' dir='ltr'>lert</span> <span class='ocrx_word' id='word_1_11' title='bbox 877 528 1008 593; x_wconf 78' lang='lat' dir='ltr'>sequere</span> <span class='ocrx_word' id='word_1_12' title='bbox 1020 507 1132 573; x_wconf 89' lang='lat' dir='ltr'>turbo.</span> <span class='ocrx_word' id='word_1_13' title='bbox 1198 529 1202 534; x_wconf 84' lang='lat'><em>·</em></span> 
     </span>
     <span class='ocr_line' id='line_1_3' title="bbox 274 645 1060 736; baseline -0.004 -23"><span class='ocrx_word' id='word_1_14' title='bbox 274 650 416 736; x_wconf 85' lang='lat' dir='ltr'><strong>Respicit</strong></span> <span class='ocrx_word' id='word_1_15' title='bbox 426 650 558 736; x_wconf 81' lang='lat' dir='ltr'>ignarus</span> <span class='ocrx_word' id='word_1_16' title='bbox 569 671 696 726; x_wconf 88' lang='lat' dir='ltr'>rerum,</span> <span class='ocrx_word' id='word_1_17' title='bbox 710 647 920 734; x_wconf 83' lang='lat' dir='ltr'>ingratusque</span> <span class='ocrx_word' id='word_1_18' title='bbox 932 645 1060 723; x_wconf 83' lang='lat' dir='ltr'>salutis3</span> 
     </span>
    </p>

    <p class='ocr_par' dir='ltr' id='par_1_2' title="bbox 274 782 1101 871">
     <span class='ocr_line' id='line_1_4' title="bbox 274 782 1101 871; baseline -0.002 -21"><span class='ocrx_word' id='word_1_19' title='bbox 274 790 314 850; x_wconf 88' lang='lat' dir='ltr'>Et</span> <span class='ocrx_word' id='word_1_20' title='bbox 327 785 471 871; x_wconf 86' lang='lat' dir='ltr'>duplices</span> <span class='ocrx_word' id='word_1_21' title='bbox 487 807 561 848; x_wconf 92' lang='lat' dir='ltr'>cum</span> <span class='ocrx_word' id='word_1_22' title='bbox 576 806 656 847; x_wconf 85' lang='lat' dir='ltr'>voce</span> <span class='ocrx_word' id='word_1_23' title='bbox 674 805 787 846; x_wconf 85' lang='lat' dir='ltr'>manus</span> <span class='ocrx_word' id='word_1_24' title='bbox 802 782 842 846; x_wconf 83' lang='lat' dir='ltr'>ad</span> <span class='ocrx_word' id='word_1_25' title='bbox 858 782 962 846; x_wconf 81' lang='lat' dir='ltr'>sidera</span> <span class='ocrx_word' id='word_1_26' title='bbox 977 783 1101 856; x_wconf 86' lang='lat' dir='ltr'>tendit:</span> 
     </span>
    </p>

    <p class='ocr_par' dir='ltr' id='par_1_3' title="bbox 272 922 1180 1148">
     <span class='ocr_line' id='line_1_5' title="bbox 276 922 1180 1011; baseline -0.001 -21"><span class='ocrx_word' id='word_1_27' title='bbox 276 952 290 982; x_wconf 71' lang='grc' dir='ltr'>α</span> <span class='ocrx_word' id='word_1_28' title='bbox 304 924 524 1011; x_wconf 85' lang='lat' dir='ltr'><strong>Omnipotens</strong></span> <span class='ocrx_word' id='word_1_29' title='bbox 537 923 679 1009; x_wconf 82' lang='lat' dir='ltr'>genitor,</span> <span class='ocrx_word' id='word_1_30' title='bbox 694 926 819 985; x_wconf 83' lang='lat' dir='ltr'>tenton&#39;</span> <span class='ocrx_word' id='word_1_31' title='bbox 832 944 884 985; x_wconf 91' lang='lat' dir='ltr'>me</span> <span class='ocrx_word' id='word_1_32' title='bbox 896 923 1033 986; x_wconf 88' lang='lat' dir='ltr'>crimine</span> <span class='ocrx_word' id='word_1_33' title='bbox 1044 922 1180 1010; x_wconf 82' lang='lat' dir='ltr'>dignum</span> 
     </span>
     <span class='ocr_line' id='line_1_6' title="bbox 272 1060 1058 1148; baseline -0.009 -18"><span class='ocrx_word' id='word_1_34' title='bbox 272 1063 420 1130; x_wconf 82' lang='lat' dir='ltr'>Duxisti?</span> <span class='ocrx_word' id='word_1_35' title='bbox 436 1079 469 1126; x_wconf 93' lang='lat' dir='ltr'>et</span> <span class='ocrx_word' id='word_1_36' title='bbox 484 1062 563 1126; x_wconf 84' lang='lat' dir='ltr'>tales</span> <span class='ocrx_word' id='word_1_37' title='bbox 578 1060 709 1125; x_wconf 86' lang='lat' dir='ltr'>voluisti</span> <span class='ocrx_word' id='word_1_38' title='bbox 723 1060 908 1148; x_wconf 79' lang='lat' dir='ltr'><strong>expendere</strong></span> <span class='ocrx_word' id='word_1_39' title='bbox 923 1060 1058 1147; x_wconf 81' lang='lat' dir='ltr'>poenasl</span> 
     </span>
    </p>

    <p class='ocr_par' dir='ltr' id='par_1_4' title="bbox 271 1195 1213 1405">
     <span class='ocr_line' id='line_1_7' title="bbox 272 1195 1213 1286; baseline -0.006 -21"><span class='ocrx_word' id='word_1_40' title='bbox 272 1205 348 1286; x_wconf 86' lang='lat' dir='ltr'>Quo</span> <span class='ocrx_word' id='word_1_41' title='bbox 359 1200 448 1264; x_wconf 86' lang='lat' dir='ltr'>feror</span> <span class='ocrx_word' id='word_1_42' title='bbox 456 1198 568 1262; x_wconf 73' lang='lat' dir='ltr'>lunde</span> <span class='ocrx_word' id='word_1_43' title='bbox 579 1196 666 1260; x_wconf 81' lang='lat' dir='ltr'>abii?</span> <span class='ocrx_word' id='word_1_44' title='bbox 677 1219 749 1283; x_wconf 72' lang='lat' dir='ltr'>quse</span> <span class='ocrx_word' id='word_1_45' title='bbox 760 1217 812 1258; x_wconf 91' lang='lat' dir='ltr'>me</span> <span class='ocrx_word' id='word_1_46' title='bbox 824 1196 900 1282; x_wconf 82' lang='lat' dir='ltr'>fuga</span> <span class='ocrx_word' id='word_1_47' title='bbox 912 1215 1051 1281; x_wconf 83' lang='lat' dir='ltr'>quemve</span> <span class='ocrx_word' id='word_1_48' title='bbox 1063 1195 1213 1272; x_wconf 79' lang='lat' dir='ltr'>reducit?</span> 
     </span>
     <span class='ocr_line' id='line_1_8' title="bbox 271 1333 1099 1405; baseline -0.008 0"><span class='ocrx_word' id='word_1_49' title='bbox 271 1346 490 1405; x_wconf 84' lang='lat' dir='ltr'>Laurentesue</span> <span class='ocrx_word' id='word_1_50' title='bbox 505 1337 625 1400; x_wconf 88' lang='lat' dir='ltr'>iterum</span> <span class='ocrx_word' id='word_1_51' title='bbox 641 1357 752 1399; x_wconf 86' lang='lat' dir='ltr'>murus</span> <span class='ocrx_word' id='word_1_52' title='bbox 766 1349 822 1399; x_wconf 87' lang='lat' dir='ltr'>aut</span> <span class='ocrx_word' id='word_1_53' title='bbox 837 1350 940 1398; x_wconf 81' lang='lat' dir='ltr'>cestra</span> <span class='ocrx_word' id='word_1_54' title='bbox 956 1333 1099 1400; x_wconf 81' lang='lat' dir='ltr'>videbo?</span> 
     </span>
    </p>
   </div>
   <div class='ocr_carea' id='block_1_2' title="bbox 273 1473 1184 1562">
    <p class='ocr_par' dir='ltr' id='par_1_5' title="bbox 273 1473 1184 1562">
     <span class='ocr_line' id='line_1_9' title="bbox 273 1473 1184 1562; baseline -0.003 -20"><span class='ocrx_word' id='word_1_55' title='bbox 273 1477 361 1562; x_wconf 85' lang='lat' dir='ltr'>Quid</span> <span class='ocrx_word' id='word_1_56' title='bbox 372 1498 485 1539; x_wconf 85' lang='lat' dir='ltr'>manus</span> <span class='ocrx_word' id='word_1_57' title='bbox 496 1474 551 1537; x_wconf 85' lang='lat' dir='ltr'>ille</span> <span class='ocrx_word' id='word_1_58' title='bbox 564 1473 740 1560; x_wconf 80' lang='lat' dir='ltr'>virum¹qui</span> <span class='ocrx_word' id='word_1_59' title='bbox 751 1496 802 1537; x_wconf 93' lang='lat' dir='ltr'>me</span> <span class='ocrx_word' id='word_1_60' title='bbox 815 1495 950 1560; x_wconf 89' lang='lat' dir='ltr'>meaque</span> <span class='ocrx_word' id='word_1_61' title='bbox 961 1496 1050 1538; x_wconf 85' lang='lat' dir='ltr'>arma</span> <span class='ocrx_word' id='word_1_62' title='bbox 1061 1475 1184 1539; x_wconf 84' lang='lat' dir='ltr'>secuti?</span> 
     </span>
    </p>
   </div>
   <div class='ocr_carea' id='block_1_3' title="bbox 272 1616 1156 1708">
    <p class='ocr_par' dir='ltr' id='par_1_6' title="bbox 272 1616 1156 1708">
     <span class='ocr_line' id='line_1_10' title="bbox 272 1616 1156 1708; baseline -0.005 -22"><span class='ocrx_word' id='word_1_63' title='bbox 272 1627 427 1708; x_wconf 89' lang='lat' dir='ltr'>Quosque</span> <span class='ocrx_word' id='word_1_64' title='bbox 442 1618 571 1707; x_wconf 82' lang='lat' dir='ltr'>(nefas)</span> <span class='ocrx_word' id='word_1_65' title='bbox 584 1639 697 1682; x_wconf 87' lang='lat' dir='ltr'>omnes</span> <span class='ocrx_word' id='word_1_66' title='bbox 709 1616 840 1680; x_wconf 77' lang='lat' dir='ltr'>infanda</span> <span class='ocrx_word' id='word_1_67' title='bbox 851 1617 885 1680; x_wconf 91' lang='lat' dir='ltr'>in</span> <span class='ocrx_word' id='word_1_68' title='bbox 897 1618 1156 1707; x_wconf 76' lang='lat' dir='ltr'>mortereliqui?</span> 
     </span>
    </p>
   </div>
   <div class='ocr_carea' id='block_1_4' title="bbox 269 1754 1120 2401">
    <p class='ocr_par' dir='ltr' id='par_1_7' title="bbox 269 1754 1120 2401">
     <span class='ocr_line' id='line_1_11' title="bbox 270 1754 1120 1844; baseline 0 -23"><span class='ocrx_word' id='word_1_69' title='bbox 270 1761 311 1821; x_wconf 88' lang='lat' dir='ltr'>Et</span> <span class='ocrx_word' id='word_1_70' title='bbox 321 1780 410 1821; x_wconf 90' lang='lat' dir='ltr'>nunc</span> <span class='ocrx_word' id='word_1_71' title='bbox 420 1756 566 1844; x_wconf 85' lang='lat' dir='ltr'>palantes</span> <span class='ocrx_word' id='word_1_72' title='bbox 579 1755 695 1831; x_wconf 83' lang='lat' dir='ltr'>video,</span> <span class='ocrx_word' id='word_1_73' title='bbox 710 1754 930 1840; x_wconf 77' lang='lat' dir='ltr'>gemitumque</span> <span class='ocrx_word' id='word_1_74' title='bbox 947 1755 1120 1821; x_wconf 79' lang='lat' dir='ltr'>cadentum</span> 
     </span>
     <span class='ocr_line' id='line_1_12' title="bbox 270 1891 1078 1981; baseline -0.002 -23"><span class='ocrx_word' id='word_1_75' title='bbox 270 1894 415 1981; x_wconf 81' lang='lat' dir='ltr'>Accipio.</span> <span class='ocrx_word' id='word_1_76' title='bbox 433 1894 521 1977; x_wconf 88' lang='lat' dir='ltr'>Quid</span> <span class='ocrx_word' id='word_1_77' title='bbox 534 1893 617 1978; x_wconf 79' lang='lat' dir='ltr'>ego?</span> <span class='ocrx_word' id='word_1_78' title='bbox 628 1907 684 1956; x_wconf 85' lang='lat' dir='ltr'>aut</span> <span class='ocrx_word' id='word_1_79' title='bbox 692 1895 759 1977; x_wconf 83' lang='lat' dir='ltr'>jam</span> <span class='ocrx_word' id='word_1_80' title='bbox 771 1892 846 1956; x_wconf 85' lang='lat' dir='ltr'>satis</span> <span class='ocrx_word' id='word_1_81' title='bbox 859 1893 922 1956; x_wconf 82' lang='lat' dir='ltr'>ime</span> <span class='ocrx_word' id='word_1_82' title='bbox 934 1891 1078 1957; x_wconf 82' lang='lat' dir='ltr'>dehiscet</span> 
     </span>
     <span class='ocr_line' id='line_1_13' title="bbox 269 2035 1084 2126; baseline -0.005 -22"><span class='ocrx_word' id='word_1_83' title='bbox 269 2045 369 2104; x_wconf 87' lang='lat' dir='ltr'>Terra</span> <span class='ocrx_word' id='word_1_84' title='bbox 384 2035 485 2100; x_wconf 80' lang='lat' dir='ltr'>mihi?</span> <span class='ocrx_word' id='word_1_85' title='bbox 498 2037 564 2126; x_wconf 81' lang='lat' dir='ltr'>Vos</span> <span class='ocrx_word' id='word_1_86' title='bbox 580 2058 600 2099; x_wconf 94' lang='lat' dir='ltr'>o</span> <span class='ocrx_word' id='word_1_87' title='bbox 619 2035 729 2121; x_wconf 92' lang='lat' dir='ltr'>potius</span> <span class='ocrx_word' id='word_1_88' title='bbox 743 2036 957 2114; x_wconf 85' lang='lat' dir='ltr'>miserescite,</span> <span class='ocrx_word' id='word_1_89' title='bbox 975 2037 1084 2100; x_wconf 87' lang='lat' dir='ltr'>venti:</span> 
     </span>
     <span class='ocr_line' id='line_1_14' title="bbox 269 2173 1084 2263; baseline 0 -25"><span class='ocrx_word' id='word_1_90' title='bbox 269 2180 308 2240; x_wconf 90' lang='lat' dir='ltr'>ln</span> <span class='ocrx_word' id='word_1_91' title='bbox 325 2196 441 2263; x_wconf 89' lang='lat' dir='ltr'>rupes,</span> <span class='ocrx_word' id='word_1_92' title='bbox 458 2174 493 2236; x_wconf 91' lang='lat' dir='ltr'>in</span> <span class='ocrx_word' id='word_1_93' title='bbox 509 2196 599 2251; x_wconf 82' lang='lat' dir='ltr'>saxa,</span> <span class='ocrx_word' id='word_1_94' title='bbox 618 2173 732 2239; x_wconf 80' lang='lat' dir='ltr'>volens</span> <span class='ocrx_word' id='word_1_95' title='bbox 746 2196 804 2238; x_wconf 85' lang='lat' dir='ltr'>vos</span> <span class='ocrx_word' id='word_1_96' title='bbox 820 2179 949 2238; x_wconf 88' lang='lat' dir='ltr'>Turnus</span> <span class='ocrx_word' id='word_1_97' title='bbox 964 2174 1084 2253; x_wconf 86' lang='lat' dir='ltr'>aduro,</span> 
     </span>
     <span class='ocr_line' id='line_1_15' title="bbox 271 2313 1094 2401; baseline 0 -23"><span class='ocrx_word' id='word_1_98' title='bbox 271 2318 366 2378; x_wconf 89' lang='lat' dir='ltr'>Ferte</span> <span class='ocrx_word' id='word_1_99' title='bbox 380 2328 503 2393; x_wconf 88' lang='lat' dir='ltr'>ratem,</span> <span class='ocrx_word' id='word_1_100' title='bbox 520 2313 674 2400; x_wconf 76' lang='lat' dir='ltr'>saevisque</span> <span class='ocrx_word' id='word_1_101' title='bbox 690 2314 779 2380; x_wconf 85' lang='lat' dir='ltr'>vadis</span> <span class='ocrx_word' id='word_1_102' title='bbox 794 2314 959 2380; x_wconf 88' lang='lat' dir='ltr'>immittite</span> <span class='ocrx_word' id='word_1_103' title='bbox 976 2314 1094 2401; x_wconf 83' lang='lat' dir='ltr'>syrtis,</span> 
     </span>
    </p>
   </div>
   <div class='ocr_carea' id='block_1_5' title="bbox 230 2453 1191 2540">
    <p class='ocr_par' dir='ltr' id='par_1_8' title="bbox 230 2453 1191 2540">
     <span class='ocr_line' id='line_1_16' title="bbox 230 2453 1191 2540; baseline -0.002 -25"><span class='ocrx_word' id='word_1_104' title='bbox 230 2493 234 2508; x_wconf 68' lang='grc'><em>«</em></span> <span class='ocrx_word' id='word_1_105' title='bbox 271 2456 346 2535; x_wconf 87' lang='lat' dir='ltr'>Quo</span> <span class='ocrx_word' id='word_1_106' title='bbox 357 2473 464 2538; x_wconf 90' lang='lat' dir='ltr'>neque</span> <span class='ocrx_word' id='word_1_107' title='bbox 476 2474 528 2518; x_wconf 91' lang='lat' dir='ltr'>me</span> <span class='ocrx_word' id='word_1_108' title='bbox 541 2453 671 2532; x_wconf 86' lang='lat' dir='ltr'>Rutuli,</span> <span class='ocrx_word' id='word_1_109' title='bbox 685 2475 748 2519; x_wconf 91' lang='lat' dir='ltr'>nec</span> <span class='ocrx_word' id='word_1_110' title='bbox 759 2455 887 2520; x_wconf 85' lang='lat' dir='ltr'>conscia</span> <span class='ocrx_word' id='word_1_111' title='bbox 898 2456 983 2519; x_wconf 81' lang='lat' dir='ltr'>fame</span> <span class='ocrx_word' id='word_1_112' title='bbox 993 2468 1160 2540; x_wconf 84' lang='lat' dir='ltr'>sequatur.</span> <span class='ocrx_word' id='word_1_113' title='bbox 1176 2481 1191 2512; x_wconf 77' lang='grc' dir='ltr'>ι</span> 
     </span>
    </p>
   </div>
   <div class='ocr_carea' id='block_1_6' title="bbox 313 3212 1260 3294">
    <p class='ocr_par' dir='ltr' id='par_1_9' title="bbox 313 3212 1260 3294">
     <span class='ocr_line' id='line_1_17' title="bbox 313 3212 1260 3294; baseline -0.008 -14"><span class='ocrx_word' id='word_1_114' title='bbox 313 3222 388 3284; x_wconf 88' lang='lat' dir='ltr'>Haec</span> <span class='ocrx_word' id='word_1_115' title='bbox 399 3237 601 3294; x_wconf 83' lang='lat' dir='ltr'>memorans,</span> <span class='ocrx_word' id='word_1_116' title='bbox 615 3215 724 3280; x_wconf 87' lang='lat' dir='ltr'>animo</span> <span class='ocrx_word' id='word_1_117' title='bbox 736 3238 826 3280; x_wconf 91' lang='lat' dir='ltr'>nunc</span> <span class='ocrx_word' id='word_1_118' title='bbox 837 3216 901 3279; x_wconf 90' lang='lat' dir='ltr'>huc</span> <span class='ocrx_word' id='word_1_119' title='bbox 914 3237 1003 3278; x_wconf 89' lang='lat' dir='ltr'>nunc</span> <span class='ocrx_word' id='word_1_120' title='bbox 1014 3214 1151 3278; x_wconf 77' lang='lat' dir='ltr'>fluctuat</span> <span class='ocrx_word' id='word_1_121' title='bbox 1160 3212 1240 3276; x_wconf 87' lang='lat' dir='ltr'>illue</span> <span class='ocrx_word' id='word_1_122' title='bbox 1253 3236 1260 3272; x_wconf 72' lang='grc' dir='ltr'>ε</span> 
     </span>
    </p>
   </div>
   <div class='ocr_carea' id='block_1_7' title="bbox 169 3355 1056 3423">
    <p class='ocr_par' dir='ltr' id='par_1_10' title="bbox 169 3355 1056 3423">
     <span class='ocr_line' id='line_1_18' title="bbox 169 3355 1056 3423; baseline -0.008 -1"><span class='ocrx_word' id='word_1_123' title='bbox 169 3399 172 3404; x_wconf 76' lang='lat'>,</span> <span class='ocrx_word' id='word_1_124' title='bbox 270 3361 319 3422; x_wconf 78' lang='lat' dir='ltr'>An</span> <span class='ocrx_word' id='word_1_125' title='bbox 334 3380 401 3423; x_wconf 92' lang='lat' dir='ltr'>sese</span> <span class='ocrx_word' id='word_1_126' title='bbox 416 3379 574 3423; x_wconf 90' lang='lat' dir='ltr'>mucrone</span> <span class='ocrx_word' id='word_1_127' title='bbox 589 3356 775 3420; x_wconf 84' lang='lat' dir='ltr'>obtentum</span> <span class='ocrx_word' id='word_1_128' title='bbox 792 3355 931 3418; x_wconf 89' lang='lat' dir='ltr'>dedecus</span> <span class='ocrx_word' id='word_1_129' title='bbox 947 3375 1056 3416; x_wconf 86' lang='lat' dir='ltr'>emens</span> 
     </span>
    </p>
   </div>
   <div class='ocr_carea' id='block_1_8' title="bbox 265 3483 1201 3996">
    <p class='ocr_par' dir='ltr' id='par_1_11' title="bbox 266 3483 1066 3717">
     <span class='ocr_line' id='line_1_19' title="bbox 266 3483 1066 3583; baseline -0.005 -24"><span class='ocrx_word' id='word_1_130' title='bbox 266 3496 402 3574; x_wconf 82' lang='lat' dir='ltr'>Induat,</span> <span class='ocrx_word' id='word_1_131' title='bbox 417 3513 450 3560; x_wconf 89' lang='lat' dir='ltr'>et</span> <span class='ocrx_word' id='word_1_132' title='bbox 465 3497 602 3563; x_wconf 90' lang='lat' dir='ltr'>crudum</span> <span class='ocrx_word' id='word_1_133' title='bbox 618 3518 680 3583; x_wconf 90' lang='lat' dir='ltr'>per</span> <span class='ocrx_word' id='word_1_134' title='bbox 694 3511 798 3560; x_wconf 84' lang='lat' dir='ltr'>costas</span> <span class='ocrx_word' id='word_1_135' title='bbox 815 3496 922 3581; x_wconf 83' lang='lat' dir='ltr'>exiget</span> <span class='ocrx_word' id='word_1_136' title='bbox 939 3483 1066 3568; x_wconf 82' lang='lat' dir='ltr'>ensem3</span> 
     </span>
     <span class='ocr_line' id='line_1_20' title="bbox 266 3617 1048 3717; baseline -0.004 -19"><span class='ocrx_word' id='word_1_137' title='bbox 266 3633 433 3698; x_wconf 82' lang='lat' dir='ltr'>Fluctibus</span> <span class='ocrx_word' id='word_1_138' title='bbox 450 3655 492 3696; x_wconf 88' lang='lat' dir='ltr'>an</span> <span class='ocrx_word' id='word_1_139' title='bbox 502 3633 600 3717; x_wconf 84' lang='lat' dir='ltr'>jaciat</span> <span class='ocrx_word' id='word_1_140' title='bbox 613 3617 746 3711; x_wconf 87' lang='lat' dir='ltr'>mediis,</span> <span class='ocrx_word' id='word_1_141' title='bbox 757 3648 796 3696; x_wconf 75' lang='lat' dir='ltr'>‘et</span> <span class='ocrx_word' id='word_1_142' title='bbox 810 3632 923 3696; x_wconf 86' lang='lat' dir='ltr'>littora</span> <span class='ocrx_word' id='word_1_143' title='bbox 939 3631 1048 3696; x_wconf 86' lang='lat' dir='ltr'>nando</span> 
     </span>
    </p>

    <p class='ocr_par' dir='ltr' id='par_1_12' title="bbox 265 3770 1201 3996">
     <span class='ocr_line' id='line_1_21' title="bbox 267 3770 1201 3858; baseline -0.003 -22"><span class='ocrx_word' id='word_1_144' title='bbox 267 3773 375 3836; x_wconf 82' lang='lat' dir='ltr'>Curva</span> <span class='ocrx_word' id='word_1_145' title='bbox 387 3783 495 3858; x_wconf 84' lang='lat' dir='ltr'>petat,</span> <span class='ocrx_word' id='word_1_146' title='bbox 510 3773 737 3858; x_wconf 86' lang='lat' dir='ltr'>Teucrumque</span> <span class='ocrx_word' id='word_1_147' title='bbox 749 3772 868 3837; x_wconf 90' lang='lat' dir='ltr'>iterum</span> <span class='ocrx_word' id='word_1_148' title='bbox 880 3795 913 3836; x_wconf 90' lang='lat' dir='ltr'>se</span> <span class='ocrx_word' id='word_1_149' title='bbox 927 3770 1041 3835; x_wconf 83' lang='lat' dir='ltr'>reddat</span> <span class='ocrx_word' id='word_1_150' title='bbox 1052 3770 1088 3834; x_wconf 93' lang='lat' dir='ltr'>in</span> <span class='ocrx_word' id='word_1_151' title='bbox 1100 3792 1201 3834; x_wconf 89' lang='lat' dir='ltr'>arma.</span> 
     </span>
     <span class='ocr_line' id='line_1_22' title="bbox 265 3910 1112 3996; baseline -0.002 -23"><span class='ocrx_word' id='word_1_152' title='bbox 265 3914 329 3973; x_wconf 89' lang='lat' dir='ltr'>Ter</span> <span class='ocrx_word' id='word_1_153' title='bbox 344 3925 478 3973; x_wconf 86' lang='lat' dir='ltr'>conatus</span> <span class='ocrx_word' id='word_1_154' title='bbox 494 3923 666 3996; x_wconf 81' lang='lat' dir='ltr'>utramque</span> <span class='ocrx_word' id='word_1_155' title='bbox 684 3911 766 3975; x_wconf 82' lang='lat' dir='ltr'>viam</span> <span class='ocrx_word' id='word_1_156' title='bbox 781 3935 789 3973; x_wconf 74' lang='lat' dir='ltr'><strong><em>z</em></strong></span> <span class='ocrx_word' id='word_1_157' title='bbox 807 3925 858 3974; x_wconf 87' lang='lat' dir='ltr'>ter</span> <span class='ocrx_word' id='word_1_158' title='bbox 875 3910 1010 3976; x_wconf 82' lang='lat' dir='ltr'>maxime</span> <span class='ocrx_word' id='word_1_159' title='bbox 1024 3913 1112 3972; x_wconf 86' lang='lat' dir='ltr'>June</span> 
     </span>
    </p>
   </div>
   <div class='ocr_carea' id='block_1_9' title="bbox 268 4045 1137 4133">
    <p class='ocr_par' dir='ltr' id='par_1_13' title="bbox 268 4045 1137 4133">
     <span class='ocr_line' id='line_1_23' title="bbox 268 4045 1137 4133; baseline -0.001 -23"><span class='ocrx_word' id='word_1_160' title='bbox 268 4045 454 4123; x_wconf 89' lang='lat' dir='ltr'>Continuit,</span> <span class='ocrx_word' id='word_1_161' title='bbox 467 4049 686 4133; x_wconf 87' lang='lat' dir='ltr'>juvenemque</span> <span class='ocrx_word' id='word_1_162' title='bbox 698 4048 797 4112; x_wconf 88' lang='lat' dir='ltr'>animi</span> <span class='ocrx_word' id='word_1_163' title='bbox 811 4048 959 4114; x_wconf 83' lang='lat' dir='ltr'>miserate</span> <span class='ocrx_word' id='word_1_164' title='bbox 970 4047 1137 4133; x_wconf 81' lang='lat' dir='ltr'>repressit.</span> 
     </span>
    </p>
   </div>
   <div class='ocr_carea' id='block_1_10' title="bbox 0 0 1452 4812">
    <p class='ocr_par' dir='ltr' id='par_1_14' title="bbox 0 0 1452 4812">
     <span class='ocr_line' id='line_1_24' title="bbox 0 0 1452 4812; baseline 0 0"><span class='ocrx_word' id='word_1_165' title='bbox 0 0 1452 4812; x_wconf 95' lang='lat' dir='ltr'> </span> 
     </span>
    </p>
   </div>
  </div>
 </body>
</html>
