2924 4808
251 435 287 495 10
454 430 689 495 AENEIDOS
720 431 873 492 LIBER·
894 431 1000 500 Vlll.
1151 435 1224 490 nor.

241 571 309 636 Olli
319 572 453 656 remigio
464 586 659 655 noctemque
669 569 819 655 diemque
830 569 983 655 fatigant,

242 711 281 770 Et
292 708 408 794 longos
423 722 578 794 superant
593 707 713 784 flexus,
730 707 889 792 variisque
905 723 1062 793 teguntur

240 849 437 926 Arboribus,
453 846 636 934 viridesque
650 863 760 911 secant
773 847 901 937 placido
913 870 1043 934 aequore
1054 847 1093 911 sit
1105 869 1171 922 vast

242 988 299 1053 Sol
311 987 452 1051 medium
468 977 541 1058 eoeli
554 985 787 1056 conscenderat
797 985 910 1072 igneus
927 985 1061 1062 orbem,

240 1127 349 1206 Quum
361 1147 486 1203 muros,
502 1145 675 1210 arcemque
688 1120 827 1217 proed,
845 1143 882 1188 ac
893 1143 965 1193 rara
980 1121 1154 1196 domorum

237 1265 335 1325 Tecta
348 1260 479 1336 vident,
493 1282 564 1345 quae
578 1281 666 1324 nuno
677 1264 821 1324 Romana
836 1262 983 1345 potentia
997 1261 1079 1324 coelo

239 1399 409 1485 AEquavit3
427 1414 497 1462 tum
512 1421 564 1463 res
577 1399 692 1486 inopes
707 1399 874 1464 Evandrus
889 1399 1040 1463 habebat.

239 1541 341 1604 ‘Ocius
356 1539 531 1604 advertunt
547 1561 677 1632 proras,
696 1540 836 1626 urbique
850 1540 1083 1626 propinquant.

283 1874 380 1932 Forte
396 1867 447 1930 die
463 1867 639 1939 solemnem
654 1864 711 1928 illo
725 1887 781 1928 rex
796 1864 892 1928 Arcas
907 1853 1069 1940 honorem

237 2005 532 2104 Amphitryoniadae
548 2026 665 2090 magno
681 2003 827 2103 divisque
843 2004 968 2069 ferebat
1003 2059 1006 2066 ,

238 2149 322 2209 Ante
337 2143 452 2226 ordiens
467 2143 502 2208 in
517 2142 604 2216 luco.
622 2141 726 2206 Pallas
741 2141 816 2212 huie
832 2141 917 2213 filius
932 2165 1014 2221 uua,

237 2285 307 2347 Una
323 2303 435 2345 omnes
446 2283 604 2364 ,juvenum
619 2279 734 2365 primi,
753 2301 942 2365 pauperque
956 2297 1085 2344 senatus
1095 2329 1106 2358 ,¹

236 2425 320 2484 Tura
334 2420 471 2498 dabant,
488 2419 679 2506 tepidusque
695 2439 796 2482 cruor«
807 2419 951 2482 fumabat
966 2417 1005 2482 ad
1021 2441 1106 2494 aras.¹

155 2557 157 2562 ’
236 2566 280 2627 Ut
296 2561 395 2624 celsas
410 2560 521 2624 videre
536 2575 638 2636 rates,
658 2575 754 2646 atque
771 2559 858 2630 inter
873 2582 1009 2646 opacum

237 2701 341 2765 Allabi
356 2722 488 2778 nemus,
508 2700 659 2796 ettqcitis
673 2699 863 2779 inenmbere
878 2699 976 2776 remis
986 2725 997 2776 5-

237 2845 415 2912 Terrentur
432 2839 499 2906 visu
515 2837 644 2907 subito,
661 2835 836 2921 cunctique
852 2835 975 2900 relictis

235 2983 447 3064 Consurgunt
460 2977 590 3039 mensis.
607 2974 719 3038 Audax
734 2995 816 3059 quos
830 2996 983 3060 rumpere
1000 2975 1108 3044 ratur

237 3121 333 3183 Sacra
347 3130 454 3192 vetat,
472 3127 630 3200 raptoque
645 3110 733 3175 volat
749 3111 813 3174 telo
829 3112 944 3175 obvius
958 3113 1045 3199 ipse;

236 3261 276 3320 Et
291 3255 407 3344 procul
424 3277 442 3317 e
459 3251 608 3331 tumulo:
625 3257 782 3336 Juvenes‚
802 3274 873 3336 quae
889 3275 981 3316 eausa
995 3253 1123 3346 subegit

236 3399 367 3480 ignotas
384 3410 509 3460 tentare
525 3393 614 3470 nias?
630 3415 696 3478 quo
713 3391 867 3467 tenditis?
884 3391 1010 3478 inquit3

237 3533 302 3616 Qui
319 3535 443 3618 genus?
461 3534 547 3597 unde
562 3533 684 3599 domo?
699 3552 856 3618 pacemne
871 3531 935 3599 huc
949 3531 1040 3595 sertis
1049 3579 1057 3610 ,
1075 3555 1116 3595 an
1131 3537 1246 3608 arma?¹

236 3676 316 3735 Tum
333 3687 426 3759 pater
440 3675 553 3735 AEneas
566 3674 669 3760 puppi
684 3673 728 3736 sic
744 3673 829 3735 fatur
845 3672 886 3734 ab
901 3673 981 3747 alta,

234 3815 451 3900 paciferaeque
465 3837 561 3878 manu
576 3837 700 3879 ramum
716 3799 889 3902 praetendit
903 3815 996 3878 olivae
1010 3839 1017 3875 ε

235 3958 432 4040 Trojugenas
447 3976 482 4018 ac
497 3953 561 4016 tela
575 3954 665 4018 vides
679 3953 807 4028 inimica
821 3953 956 4040 Latinis,

238 4099 329 4187 Quos
344 4096 392 4160 illi
406 4095 493 4160 bello
510 4094 666 4181 profugos
682 4117 778 4180 egere
794 4092 949 4178 superbo.=
