2894 4812
314 389 1273 420 m

545 627 834 750 LIBER
890 632 1013 749 XI.

332 1225 499 1287 Oceanum
514 1223 638 1286 interea
653 1244 788 1308 surgens
803 1245 919 1288 aurora
934 1223 1078 1312 reliquit.

286 1366 415 1442 AEneas,
429 1384 613 1449 quanquam
624 1377 658 1426 et
667 1362 761 1426 sociis
771 1361 849 1426 dare
860 1377 987 1449 tempus
1000 1363 1170 1430 humandis

285 1500 492 1586 Praecipitant
505 1521 589 1563 curae
596 1547 605 1578 ‚
623 1500 813 1586 turbataque
824 1500 938 1562 funere
950 1521 1040 1562 mens
1052 1513 1119 1580 est,

284 1640 366 1702 Vota
380 1638 477 1702 deum
492 1640 598 1726 primo
613 1639 718 1704 victor
733 1637 878 1702 solvebat
892 1660 964 1702 eoo.

282 1779 449 1862 Ingentem
465 1799 640 1862 quercum,
656 1777 769 1840 decisis
786 1777 928 1864 undique
944 1780 1057 1867 rarius,

283 1915 459 1980 Constituit
473 1915 616 1994 tumulo,
633 1917 853 2003 fulgentiaque
869 1916 974 1981 induit
991 1940 1079 1981 arma
1088 1945 1106 1995 ,·

281 2053 418 2116 Mezenti
432 2051 522 2116 ducis
537 2051 680 2128 exuvias,
701 2053 777 2130 tibi,
795 2075 928 2140 magne,
947 2067 1125 2141 tropaeum,

279 2189 496 2276 Bellipotens:
512 2206 601 2277 aptat
619 2206 767 2254 rorantes
782 2192 937 2277 sanguine
952 2194 1081 2269 cristas,

280 2327 421 2414 Telaque,
431 2343 544 2391 trunca
556 2327 635 2404 viri,
650 2343 682 2390 et
695 2328 742 2390 bis
756 2349 811 2391 sex
823 2327 953 2392 thoraca
964 2329 1102 2416 petitum

279 2470 526 2554 Perfossumque
537 2470 633 2545 locis;
648 2470 861 2556 clypeumque
874 2491 913 2534 ex
923 2490 986 2534 aere
998 2470 1133 2534 sinistre

279 2608 442 2694 subligat,
456 2623 553 2694 atque
568 2631 677 2673 ensem
691 2611 775 2674 collo
787 2611 954 2696 suspendit
966 2612 1140 2676 eburnam.

278 2749 357 2807 Tum
372 2747 474 2809 socios
486 2745 496 2831 (
506 2769 646 2832 namque
658 2748 763 2810 omnis
775 2770 846 2810 cum
860 2750 975 2835 stipata
989 2750 1117 2836 tegebat

277 2883 383 2946 Turba
399 2883 515 2948 ducum
529 2883 539 2970 )
555 2886 599 2947 sic
615 2886 772 2971 incipieus
787 2886 937 2952 bortatur
953 2904 1107 2952 ovantes:

280 3047 293 3078 e
308 3023 442 3086 Maxima
456 3045 509 3087 res
526 3024 658 3102 effecta,
677 3027 755 3101 viri3
775 3029 873 3092 timor
888 3030 993 3092 omnis
1006 3029 1137 3102 abesto,

276 3161 372 3243 Quod
383 3166 539 3249 superest.
555 3168 628 3227 Haec
641 3180 716 3228 sunt
727 3166 845 3252 spolia,
860 3165 944 3228 etde
956 3188 1032 3251 rege
1044 3168 1185 3253 superbo

277 3298 448 3376 Primitiae3
466 3301 679 3386 manibusque
695 3302 772 3366 meis
789 3303 964 3366 Mezentius
979 3303 1031 3367 hic
1046 3320 1105 3368 est.

277 3435 368 3496 Nunc
383 3436 445 3498 iter
461 3437 501 3500 ad
516 3461 626 3524 regem
641 3439 736 3502 nobis
745 3455 925 3525 murosque
944 3439 1083 3502 Latinos.

276 3568 370 3629 Arma
386 3584 515 3652 parate,
529 3574 642 3637 animis
657 3588 690 3636 et
705 3595 761 3660 spe
777 3573 960 3659 praesumite
976 3574 1118 3648 bellum3

275 3709 321 3768 Ne
333 3727 395 3790 qua
407 3726 497 3768 mora
509 3704 655 3791 ignaros,
669 3710 725 3773 ubi
739 3710 880 3797 primum
894 3708 1012 3773 vellere
1024 3709 1113 3795 signa

275 3845 457 3908 Annuerint
473 3845 589 3929 Superi
604 3848 789 3932 pubemque
804 3847 941 3911 educere
958 3846 1088 3922 castris,

274 3982 449 4069 Impediat,
466 4005 617 4067 segnesve
633 4000 721 4048 metu
737 3987 895 4048 sententia
913 3985 1029 4048 tardet.
