2952 4812
309 377 371 439 tte
538 375 766 437 AENElDOS
797 373 936 438 LIBER
975 375 1054 439 ΧΗ.
1199 383 1292 442 *1793-

308 539 323 569 ι
339 515 419 595 Que
424 513 492 595 jam
502 509 575 573 finis
585 509 663 587 erit,
678 510 816 593 conjux?
826 511 905 597 quid
914 512 1056 599 denique
1068 517 1191 579 restat?

305 647 484 734 Indigetem
495 650 617 710 AEnean
628 646 689 710 scis
698 646 782 732 ipsa,
797 662 830 711 et
843 641 924 712 scire
937 642 1063 727 fateris,

305 785 427 851 Deberi
441 783 543 861 coelo,
559 782 696 868 fatisque
712 781 754 845 ad
768 782 873 847 sidera
887 783 970 848 tolli.

306 921 393 1004 Quid
404 919 518 984 struis?
532 932 589 982 aut
599 941 662 1005 qua
672 939 728 1003 spe
740 917 852 1004 gelidis
863 919 1052 998 innubibus
1062 922 1185 987 haeres?

304 1056 465 1121 Mortalin’
481 1054 589 1118 decuit
604 1053 718 1118 violari
735 1053 868 1118 vulnere
882 1056 1021 1122 divum?

304 1198 368 1261 Aut
384 1217 493 1260 ensem
508 1191 607 1281 (quid
620 1192 707 1256 enim
719 1191 788 1256 sine
803 1207 836 1256 te
847 1197 986 1258 Juturne
996 1195 1163 1286 valereti)

304 1338 462 1422 Ereptum
476 1331 569 1398 reddi
579 1331 709 1409 Turno,
727 1345 761 1394 et
770 1331 837 1430 v'ma
849 1354 992 1398 crescere
1003 1334 1118 1400 victis?
1146 1307 1153 1320 .

306 1473 425 1538 Desine
433 1474 500 1555 jam
514 1470 663 1548 tandem,
679 1471 896 1570 precil'sque
907 1472 1074 1536 inflectere
1085 1475 1219 1549 nostris;

304 1613 418 1676 Necte
434 1626 542 1680 tantus
556 1609 631 1674 edat
647 1609 776 1674 tacitam
790 1609 905 1687 dolon
925 1610 1051 1676 etmihi
1067 1633 1152 1676 curoe

304 1749 396 1834 Srepe
411 1762 469 1812 tuo
483 1747 570 1812 dulci
586 1747 694 1812 tristes
710 1769 749 1810 ex
764 1768 821 1812 ore
837 1765 1017 1813 recursent.
1092 1787 1097 1792 -

305 1889 447 1952 Ventum
459 1885 501 1980 ad
515 1907 702 1973 supremum
715 1900 775 1948 est.
789 1887 896 1949 Terris
908 1887 1030 1973 agitare
1046 1889 1099 1954 vel
1113 1889 1210 1954 undis

305 2025 464 2113 Trojauos
478 2023 633 2112 potuisti,
649 2021 817 2087 infandum
830 2023 1007 2088 accendere
1021 2025 1162 2106 bellum,

305 2166 496 2231 Deformare
510 2162 657 2241 demum.
672 2175 705 2224 et
719 2159 809 2224 luctu
823 2160 957 2226 miscere
973 2163 1177 2250 hymeneos:

307 2305 449 2374 Ulterius
464 2314 590 2367 tentare
605 2314 692 2364 veto.
711 2327 725 2358 υ
746 2295 799 2364 Sic
807 2299 942 2386 Jupiter
954 2325 1064 2368 orsus:

308 2439 361 2504 Sic
371 2439 432 2504 dea
445 2436 602 2504 submisso
615 2450 729 2501 contra
741 2435 893 2501 Saturnia
904 2437 996 2503 vultu
1009 2465 1018 2500 ε

355 3178 370 3208 a
384 3151 450 3214 leta
463 3146 594 3236 quidem
605 3145 680 3234 quia
694 3162 771 3211 nota
788 3137 868 3210 mihi
882 3160 955 3224 tua,
972 3165 1108 3231 magne,
1127 3137 1290 3221 voluntas,

305 3287 446 3376 Jupiter,
459 3301 493 3350 et
502 3291 647 3350 Turnum
660 3300 693 3350 et
707 3301 810 3349 terras
823 3284 924 3348 invita
940 3285 1068 3372 reliqui.

307 3427 374 3490 Nec
388 3440 425 3489 tu
439 3446 491 3490 me
510 3424 596 3488 aeria
611 3423 712 3488 solam
725 3444 814 3487 nunc
829 3421 904 3486 sede
919 3422 1044 3487 videres

307 3560 430 3648 Digna,
445 3560 595 3648 indigna,
608 3561 693 3648 pati3
707 3559 763 3624 sed
777 3559 912 3624 flammis
923 3561 1027 3625 cinctu
1042 3559 1101 3624 sub
1115 3559 1219 3646 ipsam

306 3701 434 3765 starem
448 3697 564 3776 aciem,
582 3697 807 3782 traheremque
821 3695 950 3761 inimica
965 3696 1000 3760 in
1013 3695 1123 3784 prelia
1137 3701 1288 3763 Teucros.

305 3838 325 3898 J
328 3849 478 3900 uturnam
491 3805 629 3913 misero,
646 3833 772 3910 fateor,
787 3855 976 3898 succurrere
988 3834 1081 3898 fratri

308 3975 412 4054 Suasi,
431 3990 463 4040 et
479 3997 541 4063 pro
552 3973 617 4038 vita
628 3974 748 4056 majora
763 3971 881 4038 audere
897 3973 1051 4060 probavi3
