2924 4808
266 435 303 490 14
491 433 713 496 AENElDOS
745 437 882 498 LIBER
915 441 1023 502 Vlll.
1154 455 1244 501 mtt-

257 571 467 633 Tentamenta
484 574 531 634 tui
546 574 677 660 pepigi:
696 585 765 652 me,
784 595 835 639 me
850 577 918 663 ipse
928 625 937 655 ,
954 593 1127 666 meumque

258 706 373 789 Objeci
389 725 503 793 caput,
521 725 553 772 et
567 703 702 798 supplex
717 711 757 775 ad
773 713 882 778 limina
900 720 998 781 veni.¹

256 847 345 909 Gens
362 842 492 922 eadem,
510 870 581 932 quae
599 864 648 923 te,
667 851 791 915 crudeli
806 857 930 919 Daunia
945 859 1033 922 bello

254 987 438 1071 Insequitur
451 1012 459 1049 z
473 991 570 1052 nessi
582 986 722 1076 pellant,
735 993 817 1057 nihil
830 995 943 1060 abfore
958 999 1097 1084 credunt
1161 968 1167 979 ⁹

253 1121 342 1203 Quin
354 1145 484 1187 omnem
496 1126 683 1212 Hesperiam
697 1129 826 1214 penitus
837 1153 891 1196 sna
903 1133 1047 1220 subjuga
1059 1115 1207 1214 mittant,

250 1257 291 1316 Et
303 1279 390 1321 mare
402 1259 491 1344 quod
502 1283 598 1347 supra
610 1277 761 1344 teneant,
777 1267 931 1354 quodque
943 1270 1034 1333 alluit
1046 1272 1141 1334 iuli-a.

148 1415 152 1426 ·
250 1395 366 1482 Accipe
377 1396 482 1482 daque
494 1398 591 1464 fidem
606 1426 614 1463 ε
629 1419 705 1466 sunt
716 1406 810 1494 nobis
822 1405 918 1470 fortia
931 1409 1018 1472 hello

249 1541 403 1615 Pectora,
417 1555 493 1603 sunt
503 1541 619 1620 animi,
634 1557 667 1606 et
678 1546 776 1608 rebus
787 1563 929 1633 spectata
937 1551 1104 1633 juventus.

292 1676 425 1740 Dixerat
437 1682 551 1744 AEneas
565 1706 572 1744 :
589 1681 643 1745 ille
658 1683 882 1772 ospoculosque
896 1687 1061 1774 loquentis

156 1809 158 1814 ’
245 1814 317 1875 Jam
328 1812 451 1878 dudum
463 1833 496 1880 et
509 1833 615 1882 totum
628 1789 786 1884 lustrabat
799 1822 921 1886 lumine
934 1846 1065 1909 corpus.

245 1952 327 2013 Tum
338 1952 383 2014 sic
393 1972 494 2038 pauca
508 1955 609 2017 refert
623 1979 630 2016 :
645 1959 688 2020 Ut
699 1971 749 2035 te,
767 1958 940 2022 fortissime
954 1964 1130 2037 Teucrum,

246 2088 381 2176 Accipio
392 2115 598 2180 agnoscoque
611 2093 733 2158 libens!
749 2111 784 2158 ut
793 2097 895 2160 verba
906 2098 1049 2184 parentis

244 2240 285 2299 Et
295 2257 409 2300 vocem
422 2233 567 2297 Anchisae
579 2234 687 2320 magni
698 2234 889 2322 vultumque
904 2239 1078 2302 recordor!

245 2380 324 2438 Nam
335 2372 468 2438 memini
479 2372 626 2436 Hesionae
638 2372 794 2438 visentem
808 2397 909 2462 regna
921 2378 1044 2444 sororis

243 2510 538 2576 Laomedontiaden
548 2509 730 2584 Priamum,
746 2510 905 2574 Salamina
917 2529 1083 2599 petentem
1095 2562 1104 2593 ,

243 2661 406 2721 Protenus
416 2651 558 2716 Arcadiae
569 2649 692 2738 gelidos
706 2653 845 2720 invisere
857 2653 950 2720 fines.

240 2799 322 2858 'lum
333 2793 413 2858 mihi
422 2793 528 2880 prima
538 2815 635 2880 genas
646 2761 785 2858 vestibat
796 2773 877 2856 llore
884 2796 1019 2877 juventa
1030 2821 1039 2871 ;

241 2935 443 3018 Mirabarque
454 2930 552 2994 duces
562 2934 721 3004 Teucros;
738 2929 879 3000 mirabar
893 2945 927 2994 et
937 2931 1041 3018 ipsum

240 3065 532 3134 Laomedontiaden
546 3088 554 3128 :
568 3063 625 3130 sed
636 3064 761 3131 cunctis
771 3064 869 3129 altior
881 3065 949 3130 ibat

238 3209 403 3273 Anchises.
417 3205 494 3268 hlihi
504 3225 596 3267 mens
604 3203 895 3287 juvenalierdeb'at
906 3199 1017 3270 amore
1115 3257 1117 3262 ,

202 3329 205 3338 ¹
240 3347 443 3433 Compellare
458 3345 583 3428 virum,
601 3355 634 3406 et
649 3341 770 3407 dextrae
787 3346 987 3430 conjungere
1002 3343 1166 3410 dextram:

237 3487 378 3562 Accessi,
392 3503 425 3548 et
436 3486 570 3572 cupidus
583 3485 706 3548 Phenei
720 3486 779 3548 sub
794 3485 911 3550 moenia
923 3486 1011 3578 duxi.

235 3625 294 3688 lllc
305 3623 384 3688 mihi
394 3624 553 3709 insignem
564 3624 749 3711 pharetram
763 3627 937 3712 Lyciasque
949 3626 1096 3713 sagittas,

173 3833 179 3840 Δ
236 3763 428 3840 Discedens,
443 3761 709 3849 chlamydemque
722 3787 802 3828 auro
814 3763 906 3828 dedit
916 3765 1141 3844 intertextam,

236 3907 404 3989 Frenaque
414 3900 490 3964 bina
502 3921 593 3964 mens
605 3925 676 3986 quae
688 3923 776 3965 nunc
788 3901 887 3964 habet
900 3925 996 3966 aurea
1009 3903 1123 3966 Pallas.

236 4046 322 4128 Ergo
334 4057 366 4104 et
378 4064 472 4129 quam
484 4042 594 4127 petitis
600 4044 714 4125 juncta
726 4056 773 4104 est
784 4039 863 4104 mihi
874 4027 995 4107 foederc
1007 4041 1118 4104 dextra
1130 4066 1138 4102 :
