2924 4808
287 411 327 472 26
501 407 735 472 AENEIDOS
768 409 912 471 LIBER
945 409 1048 471 Vlll.
1173 409 1265 456 mse.

282 546 425 618 Pellibus
439 546 473 611 in
489 567 612 610 morem
627 545 744 623 cincti,
764 545 970 630 flammasque
985 545 1143 611 ferebant.

282 689 466 750 Instaurant
480 687 609 772 epulas,
626 699 659 748 et
670 705 791 768 menso
805 700 895 770 grata
914 684 1061 748 secundae

282 827 376 886 Dona
388 823 517 899 ferunt,
536 819 765 906 cumulantque
781 821 921 884 oneratis
935 820 1081 884 lancibus
1095 843 1175 885 aras.
1249 871 1254 888 ι

281 967 362 1026 Τιιηι
378 961 455 1028 Salii
469 960 509 1026 ad
525 973 654 1034 cantus,
672 958 802 1021 incensa
817 957 928 1022 altaria
943 959 1083 1038 circum,

283 1099 435 1188 Populeit
451 1097 567 1164 adsunt
581 1095 701 1160 evincti
716 1109 865 1188 tempora
880 1095 992 1172 ramis;

282 1236 342 1300 Hic
351 1238 509 1319 juvenum
521 1230 656 1309 chorus,
669 1231 725 1294 ille
737 1249 868 1310 senum,
882 1231 938 1316 qui
950 1232 1092 1295 carmine
1105 1232 1212 1296 laudes

282 1369 455 1438 Herculeas
471 1382 503 1431 et
518 1367 601 1431 lacta
615 1367 724 1432 ferunt
741 1391 749 1429 :
768 1381 804 1431 ut
817 1369 921 1453 prima
936 1391 1084 1432 novercae

282 1513 425 1571 Monstra
442 1527 538 1568 manu
554 1505 765 1592 geminosque
779 1527 930 1592 premens
945 1506 1065 1569 eliserit
1079 1527 1198 1591 angues
1210 1531 1217 1579 ;

284 1649 327 1710 Ut
340 1645 429 1709 bello
445 1644 590 1730 egregias
605 1643 691 1706 idem
707 1643 872 1727 disjecerit
888 1644 999 1721 urbes,

282 1786 492 1869 Trojamque,
509 1782 782 1866 OEchaliamque3
801 1796 837 1844 ut
852 1781 951 1844 duros
966 1781 1054 1844 mille
1068 1781 1195 1844 labores

284 1924 371 2004 Rege
386 1919 445 1980 sub
461 1917 660 2002 Eurystheo,
678 1917 749 1979 latis
763 1921 782 1979 J
786 1917 902 1980 unonis
916 1918 1052 2002 iniquae,
1260 1885 1262 1892 Α

284 2053 473 2118 Pertulerit.
489 2058 537 2117 Tu
551 2053 748 2139 nubigenas,
765 2053 903 2130 invicte,
922 2054 1115 2119 bimembres

286 2189 495 2275 Hylaeumque
510 2164 713 2276 Pholumque
727 2212 822 2254 manu
831 2239 840 2268 ,
856 2207 891 2254 tu
907 2193 1015 2256 Cresia
1029 2209 1146 2258 mactas
1202 2237 1204 2244 -

286 2328 456 2415 Prodigia,
472 2344 505 2392 et
520 2344 641 2392 vastum
658 2333 775 2393 Nemea
789 2330 849 2394 sub
861 2352 942 2416 rupe
956 2330 1097 2396 leonem.

285 2816 329 2875 Te
345 2809 448 2895 Stygii
463 2824 624 2872 tremuere
638 2807 744 2880 lacus,
760 2822 793 2869 te
803 2807 926 2890 janitor
944 2806 1023 2869 Orci

286 2949 366 3010 Ossa
382 2969 478 3032 super
494 2945 650 3008 recubans
666 2959 762 3007 antro
777 2961 897 3008 semesa
914 2959 1062 3008 cruento.

287 3087 351 3146 Nec
368 3097 399 3145 te
417 3081 488 3145 ullae
503 3081 616 3156 lacios,
633 3103 702 3144 non
716 3082 832 3144 terruit
848 3083 915 3166 ipse
929 3043 1092 3168 Typhoess

285 3220 427 3296 Arduus,
446 3241 534 3282 arma
549 3235 682 3294 tenens;
699 3241 766 3282 nou
782 3233 814 3282 te
829 3219 963 3284 rationis
976 3235 1125 3306 egentem

286 3362 433 3422 Lernaeus
446 3358 541 3422 turba
558 3356 698 3443 capitum
714 3358 926 3424 circumstetit
940 3361 1063 3446 anguis.

286 3494 398 3571 Salve,
416 3519 491 3559 vcra
504 3499 595 3561 Jotis
609 3499 733 3585 proles,
752 3498 849 3562 decus
863 3499 971 3563 addite
985 3499 1087 3564 divis:

285 3634 325 3694 Et
338 3653 399 3694 nos
415 3646 447 3694 et
461 3646 515 3694 tua
530 3633 644 3699 dexter
658 3635 710 3699 adi
724 3636 806 3724 pede
822 3659 910 3702 sacra
924 3635 1078 3700 secundo.

283 3770 370 3835 Talia
385 3771 580 3836 carminibus
595 3772 781 3840 celebrant:
800 3797 897 3861 super
911 3775 1018 3839 omnia
1035 3773 1111 3838 Caci

285 3907 477 3994 Speluncam
491 3907 662 3992 adjiciunt,
680 3911 920 3998 spirantemque
935 3912 1064 3998 ignibus
1078 3911 1195 3998 ipstun.

293 4045 457 4108 Consonat
468 4064 564 4108 omne
575 4066 687 4108 nemus
700 4043 854 4130 strepitu,
870 4046 1032 4130 collesque
1044 4044 1215 4110 resirltaut.
