2872 4816
151 439 152 444 κ
278 413 339 473 ms
526 389 761 475 AEnarnos
793 413 937 474 erana
967 413 1028 473 rx.
1164 412 1254 460 nass.

273 550 415 636 Carpere
426 571 557 636 gramen
568 572 686 635 equos;
700 549 845 614 breviter
857 573 957 636 quum
969 549 1043 612 talia
1056 549 1168 631 Nisus,

270 687 399 773 (Sensit
412 687 497 751 enim
508 687 606 750 nimia
620 687 706 752 caede
717 702 816 774 atque
827 689 981 775 cupidine
993 689 1072 752 serri
1082 737 1092 767 ,
1104 688 1124 776 l

271 852 285 880 a
300 823 512 902 absistamus,
526 823 588 901 ait3
601 847 678 888 nam
688 825 744 889 lux
754 825 883 890 inimica
893 828 1107 915 propinquat.

268 963 441 1024 Poenarum
453 963 640 1027 exhaustum
652 964 727 1029 satis
738 980 803 1042 est3
818 966 869 1036 via
878 966 963 1036 lacta
973 988 1034 1053 per
1044 967 1164 1031 hostes.
1186 996 1199 1024 »ι

267 1097 366 1160 Multa
382 1098 487 1162 virum
501 1095 606 1164 ¹solido
622 1117 758 1188 argento
773 1102 916 1188 perfecta
932 1103 1122 1190 relinquunt

266 1240 444 1324 llrrnaquc,
459 1254 662 1326 craterasque
673 1241 785 1319 simul,
800 1239 1019 1329 pulchrosque
1031 1257 1164 1328 tapetas.

266 1376 422 1462 Euryalus
436 1376 581 1463 phaleras
595 1374 783 1442 Rhamnetis
798 1392 832 1442 et
847 1393 942 1442 aurea
958 1377 1054 1442 bullis

198 1592 200 1596 ι
266 1513 420 1600 Cingula3
433 1514 559 1579 Tiburti
574 1512 711 1580 Remulo
727 1515 902 1580 ditissimus
917 1514 996 1578 olim

267 1658 348 1737 Quae
359 1654 459 1717 mittit
469 1653 571 1732 dona,
583 1653 726 1740 hospitio
737 1677 837 1740 quum
844 1656 998 1739 jungeret
1008 1655 1121 1724 absens
1132 1701 1146 1732 „

267 1792 429 1861 Caedicus:
446 1792 502 1855 ille
517 1814 575 1856 suo
590 1791 734 1856 moriens
747 1791 802 1854 dat
816 1791 938 1854 habere
956 1790 1088 1877 nepoti:

267 1937 347 1996 Post
359 1944 499 1996 mortem
509 1929 598 1994 bello
609 1930 722 1993 Rutuli
735 1951 909 2016 pugnaque
921 1929 1033 2017 potiti.

267 2075 344 2136 Haec
353 2071 455 2159 rapit,
468 2086 566 2157 atquc
577 2069 719 2132 hmneris
730 2067 948 2156 nequidquam
964 2068 1105 2131 fortibus
1116 2079 1220 2153 aptat,

266 2212 347 2274 Tum
358 2210 480 2308 galeam
490 2209 625 2296 Messapi
633 2207 776 2274 habilem
787 2209 958 2294 cristisque
970 2206 1122 2271 decoram

268 2347 389 2412 Induit.
408 2335 575 2416 Excedunt
589 2346 719 2427 castris,
734 2359 767 2411 et
780 2361 850 2411 tuta
865 2357 1046 2432 capessunt.

314 3528 441 3589 Interea
455 3524 609 3611 praemissi
624 3524 749 3610 equites
764 3545 804 3587 ex
818 3523 901 3588 urbe
917 3521 1045 3596 Latina,

270 3664 388 3728 Cetera
401 3659 479 3725 dum
493 3659 580 3746 legio
595 3667 715 3750 campis
729 3663 887 3726 instructa
901 3673 1067 3734 moratur,

266 3803 382 3875 Ibant,
395 3810 429 3860 et
443 3798 555 3859 Turno
569 3798 654 3884 regis
670 3820 824 3886 responsa
839 3797 1008 3870 ferebant,

264 3943 478 4010 Tercentum,
497 3933 612 3996 scutati
627 3957 759 4014 omncs,
777 3932 951 3996 Volscente
967 3928 1133 4013 magistro.

260 4081 396 4160 ‚lamque
408 4067 673 4158 propinquabant
687 4069 815 4146 eastris,
829 4087 1010 4152 murosque
1018 4061 1192 4127 subibant.
