2908 4810
302 434 364 495 330
540 431 1047 494 mustuossleunxi.
1200 435 1293 482 nus-
1400 418 1403 426 ’

301 568 404 650 «Cur,
414 563 539 654 inquit,
553 569 700 634 diversus
712 571 802 635 abis?
814 572 876 636 hue
891 549 994 659 dirige
1011 593 1167 658 gressum,

194 797 196 800 Ι
299 709 369 768 Huc
381 706 526 792 periture
537 707 630 770 veni:
648 709 752 794 capias
767 677 803 772 ut
817 709 911 794 digna
925 709 1067 773 Camillae

299 848 453 925 Praemia,
470 863 570 934 tuque
582 849 678 911 etiarn
693 849 768 926 telis
783 851 921 915 moriere
938 850 1061 917 Dianae.
1073 879 1088 908 s

344 987 452 1063 Dixit,
466 1002 499 1050 et
510 1003 621 1051 aurata
637 987 804 1053 volucrem
820 989 966 1054 Thret'ssa
978 991 1125 1076 sagittam

299 1123 512 1209 Deprompsit
520 1123 689 1210 pharetra,
709 1137 877 1209 cornuque
889 1124 1013 1188 infensa
1027 1127 1189 1205 tetendit,

299 1268 339 1326 Et
355 1263 447 1327 duxit
460 1262 558 1347 longe
567 1311 577 1340 ‚
592 1260 697 1324 donec
713 1277 846 1362 curvata
861 1263 987 1326 coirent

298 1407 389 1466 lnter
404 1424 437 1464 se
452 1403 574 1488 capita,
593 1418 626 1466 et
637 1401 785 1466 manibus
796 1404 862 1485 jam
878 1417 1026 1488 tangeret
1036 1405 1135 1489 aequis
1144 1453 1152 1482 ,

300 1542 390 1602 Laeva
405 1515 506 1602 aeiem
521 1540 601 1603 ferri
609 1523 624 1617 ,Ἴ
635 1539 748 1603 dextra
761 1562 929 1625 nervoque
944 1539 1109 1626 papillam.

299 1673 469 1761 Extemplo
482 1673 539 1756 teli
550 1675 723 1740 stridorem
738 1697 897 1762 aurasque
912 1690 1062 1740 sonantes

299 1813 410 1878 Audiit
424 1837 488 1879 una
501 1817 645 1895 Arruns,
662 1816 817 1902 haesitque
831 1805 866 1880 in
882 1839 1021 1904 corpore
1036 1819 1171 1884 ferrum.

299 1946 395 2010 Illum
407 1945 622 2034 exspirantem
634 1947 713 2011 soeii
724 1964 821 2034 atque
834 1933 975 2013 extrema
987 1967 1170 2036 gementem

303 2085 407 2150 Obliti
418 2086 532 2172 ignoto
546 2071 740 2173 camporum*
748 2089 783 2151 in
794 2087 929 2174 pulvere
944 2089 1118 2175 linquunt:

303 2223 385 2308 Opis
400 2223 441 2286 ad
454 2224 621 2290 aetherium
637 2225 752 2312 pennis
767 2226 913 2290 aufertur
927 2227 1116 2314 Olympum.

346 2361 455 2425 Prima
467 2361 565 2446 fugit,
580 2361 711 2425 domina
722 2361 850 2438 amissa,
865 2361 944 2426 levis
955 2361 1004 2425 ala
1016 2363 1179 2436 Canium

299 2499 434 2564 Turbati
447 2498 576 2584 lugiunt
591 2497 722 2574 Rutuli3
740 2498 823 2583 fugit
839 2519 912 2562 acer
927 2500 1039 2564 Atinas
1049 2489 1062 2574 ;¹

300 2639 498 2726 Disjectique
513 2638 610 2702 duces
626 2637 826 2722 desolatique
842 2633 976 2722 manipli

299 2782 379 2842 Tuta
390 2791 522 2864 petunt,
536 2791 569 2839 et
581 2775 671 2861 equis
683 2774 787 2838 aversi
798 2774 839 2840 ad
850 2776 967 2839 moenia
981 2776 1133 2840 tendunt.

299 2919 364 2980 Nee
376 2916 544 3002 quisquam
558 2915 715 2977 instantes
726 2916 867 2976 Teucros
877 2912 1044 2998 letumque
1059 2914 1204 2982 ferentes

300 3055 488 3115 Sustentare
502 3050 587 3116 valet
603 3049 674 3114 telis
683 3095 693 3126 ,
710 3064 766 3112 aut
784 3051 896 3114 sistere
913 3066 1044 3127 eontra3
1139 3079 1143 3084 ·

299 3190 363 3254 Sed
374 3189 620 3261 laxosreferunt
630 3186 774 3252 humeris
785 3187 1013 3280 languentibus
1026 3211 1136 3265 areus;

298 3328 616 3419 Quadrupedumque
628 3341 758 3414 putrem
769 3349 864 3390 eursu
874 3327 978 3413 quatit
991 3329 1110 3414 ungula
1122 3353 1281 3418 campum.

299 3469 449 3534 Volvitur
463 3465 505 3534 ad
519 3491 630 3534 muros
644 3467 781 3554 ealigine
798 3467 946 3532 turbidus
962 3484 1031 3532 atra

299 3607 428 3683 Pulvis3
444 3621 477 3668 et
491 3629 509 3668 e
523 3607 661 3693 speculis
677 3593 838 3692 percussae
851 3621 985 3690 pectora
1000 3623 1119 3672 matres

298 3725 486 3814 Femineum
501 3699 674 3811 clamorem
691 3743 731 3807 ad
748 3744 821 3808 eoeli
836 3744 940 3809 sidera
956 3745 1087 3810 tollunt.
1161 3771 1166 3810 :

300 3890 366 3972 Qui
381 3911 477 3953 cursu
490 3901 601 3974 portas
617 3886 714 3973 primi
728 3885 877 3972 irrupere
892 3875 1059 3972 patentes,

299 4035 365 4094 Hos
376 4030 504 4093 inimica
517 4050 614 4117 super
626 4027 726 4092 mixto
739 4027 858 4114 premit
872 4029 999 4114 agmine
1013 4027 1110 4092 turba
1124 4051 1131 4087 :
