2872 4816
322 417 382 479 100
577 395 1078 491 nnu1uostrnn‘n1x.
1211 437 1296 487 mn.

317 561 453 643 Insuper
465 555 534 634 his,
549 556 654 642 campi
668 556 758 643 quod
770 558 939 636 rexlhabet
952 562 1020 649 ipse
1035 566 1178 632 Latinus.

316 696 360 756 Te
375 714 471 772 vero,
488 714 558 758 mea
575 715 672 780 quern
687 695 796 781 spatiis
810 699 1020 784 propioribus
1034 716 1109 768 ae'tas

315 832 511 919 Insequitur,
528 832 713 897 venerande
725 855 820 920 puer,
833 836 1050 922 jam'pectore
1067 855 1137 904 toto

214 1003 217 1010 ¹
237 999 242 1020 π
315 971 465 1058 Accipio,
478 984 511 1033 et
527 929 678 1034 comitem
692 991 782 1034 casus
795 971 996 1058 complector
1009 974 1043 1039 in
1058 948 1188 1042 omnes:

314 1110 408 1175 Nulla
421 1111 501 1174 meis
514 1109 583 1174 sine
599 1125 631 1173 te
644 1097 809 1196 quaeretur
823 1075 927 1195 gloria
941 1113 1064 1190 rebus3.
1137 1207 1139 1216 Ι

315 1253 380 1316 Seu
390 1270 502 1337 pacem
513 1295 522 1327 ,
535 1269 591 1311 seu
602 1245 688 1311 bella
701 1267 813 1330 geram
819 1293 828 1324 ,
843 1245 903 1309 tibi
915 1248 1171 1330 murmurarunt

209 1392 213 1402 ’
314 1389 562 1471 verborumque
575 1383 666 1447 fides.
682 1412 696 1441 n
714 1381 839 1446 Contra
852 1385 952 1468 quem'
965 1385 1040 1450 talia
1054 1387 1139 1453 fatur

312 1525 490 1614 Euryalus:
505 1525 581 1587 «Me
593 1521 683 1586 nulla
696 1521 765 1585 dies
775 1535 841 1624 tam
853 1520 993 1587 fortibus
1006 1511 1090 1628 ausis

314 1661 509 1728 Dissimilem
519 1657 682 1746 arguerit3
696 1670 841 1722 tantum:
854 1655 987 1726 fortuna
997 1662 1136 1738 secunda

313 1807 379 1867 Aut
392 1801 526 1866 adversa
542 1799 646 1862 cadat.
666 1795 731 1894 Sed
745 1809 779 1858 te
794 1817 891 1881 super
906 1771 1017 1860 omnia·
1029 1771 1133 1863 dona

312 1945 420 2006 Unum
434 1961 515 2003 oro:
532 1936 698 2023 genetrix,
710 1935 832 1999 Priami
845 1935 886 2000 de
900 1953 998 2023 gente
1013 1941 1174 2018 vetusta⁴,

312 2083 368 2143 Est
382 2078 481 2156 mihi,
498 2099 596 2164 quam
612 2076 760 2140 miseram
776 2077 882 2140 tenuit
895 2099 964 2142 non
978 2079 1035 2142 llia
1050 2079 1146 2144 tellus
1245 2074 1247 2081 ’

312 2224 438 2284 Mecum
453 2213 678 2292 excedentem,
692 2234 761 2278 non
776 2214 893 2279 moenia
908 2217 993 2301 regis
1006 2220 1139 2282 Acestae}

312 2359 403 2420 Hauc
415 2376 476 2442 ego
488 2375 576 2418 nunc
586 2353 732 2439 ignaram
743 2350 838 2454 hujus
849 2321 1066 2438 quodcunque
1077 2321 1192 2446 nericli
1202 2371 1267 2433 est,

310 2499 415 2580 Inque
423 2453 596 2555 'salutatam
610 2490 746 2575 linquo:
763 2511 829 2553 nox
844 2504 877 2552 et
893 2504 947 2553 tua
962 2490 1054 2554 testis

309 2631 451 2691 Dextera
461 2624 551 2713 quod
561 2647 720 2711 nequeam
731 2624 887 2711 lacrymas
897 2624 1044 2711 perferre
1057 2629 1210 2712 parentis.

309 2771 352 2830 At
365 2780 421 2844 tu,
439 2769 517 2842 oro,
535 2765 638 2828 solare
649 2746 803 2850 inopem,
821 2745 1021 2828 et'succurrc
1036 2765 1168 2830 relictae.

309 2909 400 2971 llanc
415 2905 484 2968 sine
499 2925 553 2967 me
568 2924 659 2990 spem
674 2902 760 2966 serre
778 2895 845 2980 tui3
861 2883 1034 2969 audentior
1049 2887 1110 2968 ibo
1124 2871 1131 2900 'i

307 3044 348 3104 ln
362 3062 452 3104 casus
466 3061 590 3103 omnes.
610 3067 624 3096 »
641 3041 796 3118 Percussa
811 3055 920 3124 mente
936 3039 1097 3104 dederunt
1117 3091 1119 3098 ,
1154 3027 1166 3035 ”

308 3175 501 3242 Dardanide
511 3175 685 3263 lacrymas;
699 3193 775 3241 ante
787 3200 900 3241 omnes
911 3177 1050 3264 pulcher
1060 3177 1166 3254 lulus;

305 3321 413 3402 Atque
428 3316 568 3380 anirnum
583 3317 695 3403 patriae
710 3317 840 3380 strinxit
854 3316 983 3403 pietatis
997 3317 1114 3402 imago.

303 3459 388 3518 'Tum
402 3455 448 3518 sic
463 3454 600 3520 effatur:
690 3541 693 3546 Ι
729 3479 730 3484 ’

303 3623 323 3652 u
340 3595 493 3684 Spondeo
508 3597 606 3686 digna
623 3597 686 3660 tuis
699 3559 885 3682 ingentiltus
901 3595 1009 3660 omnia
1025 3571 1178 3682 coeptiss
1200 3585 1202 3596 ¹
1253 3669 1256 3674 ,

307 3739 450 3821 Namque
462 3735 524 3799 crit
535 3735 595 3802 ista
605 3735 685 3802 mihi
696 3735 858 3821 genetrix,
872 3755 1059 3820 nomenque
1071 3733 1201 3800 Creusae

306 3871 418 3934 Solum
434 3870 592 3950 deluerit3
610 3895 671 3940 nec
686 3888 816 3959 partum
831 3874 932 3958 gratia
948 3872 1044 3937 talem

298 4017 404 4080 Parva
415 4025 539 4088 nannet,
553 4032 641 4074 casus
653 4011 772 4074 factum
786 4009 972 4097 quicunque
986 4025 1178 4099 sequentur.
