2894 4812
268 429 329 489 206
519 424 737 524 AENEIDQS
767 426 909 486 LIBER
938 428 981 490 Χ.
1154 429 1248 490 v·⁵⁰9·

309 567 374 626 Nec
381 564 447 646 jam
459 561 541 624 fame
552 558 628 623 mali
643 559 742 636 tenti,
758 559 814 624 sed
829 561 949 625 certior
959 578 1074 626 auctor

266 700 403 764 Advolat
414 703 537 775 AEneae,
552 696 643 760 tenui
652 695 836 761 discrimine
847 696 903 761 leti

266 839 339 900 Esse
350 858 438 911 suos,
451 850 578 928 tempus
589 831 690 895 versis
704 853 892 896 succurrere
906 833 1047 898 Teucris.

265 973 415 1037 Proxima
430 991 565 1056 quaeque
577 969 671 1033 metit
682 969 809 1056 gladio,
825 970 989 1058 latumque
1000 996 1060 1060 per
1074 941 1188 1062 aginen

266 1115 391 1179 Ardens
400 1113 536 1178 limitem
552 1113 619 1199 agit
633 1113 721 1180 ferro
733 1139 742 1190 ς
756 1129 806 1190 te,
824 1118 952 1194 Turne,
969 1117 1144 1204 superbum

268 1253 362 1318 Caede
376 1275 462 1317 nova
476 1271 634 1338 querens.
652 1251 776 1330 Palles,
793 1253 953 1331 Evander,
970 1255 1005 1318 in
1019 1255 1095 1342 ipsis
1111 1259 1138 1295 ¹⁰

266 1393 384 1458 Omnia
399 1406 473 1482 sunt
488 1389 608 1467 oculis3
626 1411 762 1468 mense,
777 1411 854 1476 quas
867 1391 991 1458 advene
1008 1392 1127 1480 primes

263 1538 353 1597 Tunc
365 1532 461 1610 adiit,
477 1531 660 1616 dextraeque
676 1529 768 1593 datae.
787 1529 942 1594 Sulmone
959 1547 1083 1595 creatos

265 1677 414 1756 Quetuor
427 1669 479 1732 hic
485 1670 640 1752 juvenes,
658 1667 810 1746 totidem,
823 1689 905 1752 quos
921 1668 1037 1732 educet
1048 1668 1167 1746 Ufens,

264 1809 417 1873 Viventes
432 1806 535 1893 rapit,
551 1804 681 1870 inferiae
695 1826 777 1890 quos
787 1803 933 1868 immolet
944 1793 1083 1880 umb‘ris,

265 1949 465 2034 Captivoque
480 1945 551 2030 rogi
565 1942 740 2031 perfundat
753 1942 905 2026 sanguine
916 1941 1068 2004 flammas.

260 2085 344 2150 lnde
355 2091 446 2172 Mago
460 2081 578 2171 procul
592 2081 751 2145 infensam
767 2078 979 2144 contenderat
994 2079 1131 2155 hastam;

266 2224 323 2287 lllc
338 2239 406 2288 astu
417 2223 521 2302 subit,
539 2244 575 2285 ac
587 2219 799 2288 tremebunda
810 2218 994 2306 supervolat
1005 2217 1110 2281 hasta:
1159 2235 1161 2240 ·

266 2365 305 2426 Et
317 2382 420 2448 genus
430 2359 626 2447 amplectens
640 2357 756 2422 effatur
770 2355 843 2420 talia
853 2354 1007 2442 supplex:

266 2979 281 3007 «ι
293 2954 358 3013 Per
372 2949 493 3038 patrios
504 2969 632 3026 munes,
646 2964 707 3034 per
718 2969 790 3033 spes
801 2947 961 3034 surgentis
975 2947 1054 3027 luti,
1071 2973 1085 3006 ι

264 3092 307 3152 Te
322 3108 457 3174 precor,
470 3086 553 3150 hanc
563 3086 699 3149 animam
713 3107 819 3151 serves
829 3079 971 3172 natoque
981 3087 1143 3173 patrique.

264 3231 320 3290 Est
335 3226 448 3290 domus
462 3223 542 3288 alta:
555 3225 665 3306 jacent
678 3223 806 3310 penitus
821 3223 944 3288 defossa
955 3223 1075 3287 talenta

263 3361 376 3427 celati
389 3361 515 3447 argenti
523 3374 620 3426 :sunt
629 3359 699 3422 auri
713 3360 858 3446 pondera
869 3361 944 3426 facti

264 3497 441 3582 Infectique
451 3497 544 3562 mihi:
559 3519 628 3562 non
639 3495 692 3560 hic
703 3495 838 3560 victoria
853 3503 1012 3564 Teucrum

264 3634 421 3711 Vertitur,
437 3647 493 3696 eut
503 3633 606 3697 anima
622 3653 684 3696 una
698 3631 788 3696 dabit
799 3633 982 3698 discrimina
996 3649 1095 3698 tante.
1113 3663 1128 3693 e

262 3772 406 3836 Dixerat.
418 3775 531 3836 AEneas
543 3789 656 3836 contra
668 3773 720 3835 cui
736 3773 810 3835 talia
821 3771 944 3838 reddit:

264 3939 279 3967 «
290 3912 424 3996 Argenti
434 3926 530 4006 atque
541 3913 611 3973 auri
624 3932 782 3974 memoras
796 3931 866 3994 quoe
878 3909 978 3974 multa
989 3907 1126 3990 talenta,

261 4049 376 4114 Gnatis
389 4070 486 4136 parce
503 4049 580 4114 tuis:
592 4048 670 4113 belli
680 4045 870 4112 commercia
884 4051 1010 4114 Turnus
