2908 4810
336 369 397 436 ³68
570 365 795 430 AENEIDOS
826 367 966 430 steen
997 365 1079 428 ΧΠ.
1226 381 1251 414 v.
1267 367 1321 427 ¹³⁹·

334 503 417 567 Diva
431 502 524 570 deam
539 501 661 588 stagnis
675 523 746 586 quoe
760 499 1010 586 fluminibusque
1024 501 1146 564 sororis

335 641 510 718 Praesidet3
528 641 615 705 hunc
629 640 677 704 illi
690 663 747 704 rex
763 641 891 706 aetheris
907 641 992 704 altus
1006 639 1165 706 honorem

335 783 464 872 Jupiter
475 797 588 868 erepta
602 803 663 868 pro
679 775 866 867 virginitate
877 781 1033 845 sacravit:

340 948 354 977 α
373 919 540 1008 Nympha,
553 919 651 983 decus
661 919 852 993 fluviorum,
866 919 973 982 animo
985 919 1165 1004 gratissima
1173 935 1307 994 nostro,

340 1060 408 1124 Scis
420 1043 459 1124 ut
468 1074 500 1122 te
514 1057 639 1125 cunctis
651 1079 765 1134 uuam,
780 1077 981 1142 quecunque
991 1055 1110 1122 mune

338 1197 531 1285 Magnanimi
543 1197 633 1262 Jovis
647 1197 811 1281 ingratum
826 1194 999 1259 ascendere
1013 1195 1140 1272 cubile,

339 1336 558 1433 Praetulerim,
576 1321 713 1423 coelique
730 1335 849 1400 lubens
865 1337 899 1398 in
913 1350 1006 1422 parte
1019 1334 1162 1399 locarim.

340 1475 435 1539 Disce
446 1491 536 1540 tuum
546 1523 555 1554 ,
572 1497 615 1539 ne
631 1498 682 1538 me
697 1474 841 1554 incuses,
859 1480 1014 1570 Juturna‚
1032 1473 1190 1538 dolorem.

341 1617 414 1697 Qua
426 1615 491 1678 visa
501 1629 551 1678 est
561 1614 693 1700 fortune
706 1614 795 1700 pati,
813 1617 986 1699 Parcaeque
1000 1611 1150 1680 sinebant

345 1748 469 1816 Cedere
480 1773 532 1814 res
544 1752 654 1831 huo,
672 1755 818 1816 Turnum
830 1766 864 1815 et
875 1766 931 1815 tua
941 1752 1059 1818 moenia
1072 1751 1136 1814 texi
1151 1776 1159 1812 :

343 1889 435 1950 Nunc
442 1889 596 1971 juvenem
607 1887 783 1974 imparibus
794 1888 889 1952 video
903 1909 1100 1952 concurrere
1113 1887 1206 1963 fatis,

346 2027 586 2112 Parcarumque
597 2026 665 2090 dies
677 2042 711 2089 et
721 2027 769 2090 vis
779 2027 908 2091 inimica
919 2027 1129 2114 propinquat.

349 2161 423 2222 Non
433 2183 574 2248 pugnam
586 2163 751 2250 adspicere
764 2165 846 2234 hauc
859 2165 979 2245 oculis,
998 2187 1068 2232 nou
1078 2162 1197 2226 foedera
1207 2183 1346 2249 possum.

350 2302 415 2374 Tu,
432 2321 495 2386 pro
509 2323 663 2388 germano
678 2305 705 2370 si
719 2305 807 2390 quid.
813 2305 1001 2392 presentius
1015 2302 1130 2380 audes,

352 2440 471 2523 Perge3
486 2439 581 2504 decet
595 2466 602 2504 :
619 2442 726 2506 forsan
738 2445 871 2507 miseros
883 2442 1018 2508 meliora
1031 2455 1220 2527 sequentur.
1237 2466 1250 2494 ι

398 3450 457 3519 Vis
469 3474 526 3531 ea,
545 3476 645 3540 quum
660 3453 816 3540 lacrymas
830 3457 934 3522 oeulis
945 3461 1086 3524 Juttuna
1101 3457 1287 3544 profundit3

352 3589 480 3673 'l'erque
491 3607 669 3681 quaterque
680 3615 776 3657 manu
788 3610 900 3681 pectus
913 3596 1072 3684 percussit
1082 3597 1269 3662 honestum.

362 3754 376 3782 a
394 3731 467 3790 Non
481 3725 628 3812 lacrymis
639 3725 701 3795 hoc
713 3746 858 3819 tempus,
877 3735 921 3797 ait
935 3737 1084 3800 Saturnia
1096 3739 1202 3812 Jun0;

357 3862 523 3939 Accelera,
543 3880 576 3926 et
589 3867 744 3946 fratrem,
761 3870 791 3960 si
801 3871 872 3956 quis
884 3872 1017 3950 modus,
1035 3873 1125 3962 eripe
1141 3841 1258 3938 morti:

359 4003 421 4063 Aut
437 4017 472 4065 tu
485 4001 572 4069 heila
587 4005 655 4082 cie,
676 3991 935 4096 concepnuuque
950 4027 1062 4079 excute
1079 4011 1196 4079 sedus.
