2872 4816
274 377 332 438 tos
513 375 737 438 AENEIDOS
767 376 912 438 LIBER
943 377 1003 438 tx.
1167 373 1257 432 v·3³7·

269 513 412 577 Membra
423 512 485 578 deo
497 513 600 577 rictus
613 537 620 575 ε
635 513 711 576 felix
722 513 748 576 si
760 515 910 599 protinus
920 512 1011 577 illum
1091 557 1096 564 -

269 653 433 732 AEquasset
444 649 534 712 noeti
543 648 671 727 ludum,
685 650 718 710 in
731 648 899 733 lucemque
910 648 1051 712 tulisset!

268 787 424 871 Impastus
438 808 497 849 ceu
511 763 607 873 plena
623 788 675 850 leo
691 808 752 873 per
766 786 861 850 ovilia
877 788 1030 864 turbans,

269 924 387 986 Suadet
399 925 485 988 enim
498 948 610 989 vesana
623 925 738 1004 fames,
756 925 945 1012 manditque
957 927 1119 1013 trahitque

269 1063 496 1150 Mollepeous,
508 1081 698 1152 mutumque
710 1079 798 1130 metu
807 1090 817 1140 3v
829 1065 938 1130 fremit
952 1087 1013 1130 ore·
1021 1081 1169 1129 cruento.

317 2359 382 2418 Nec
398 2355 507 2417 minor
521 2353 650 2438 Euryali
667 2352 787 2415 caedes:
804 2352 953 2417 incensus
969 2354 1085 2439 etipse

273 2492 431 2570 Periurit,
445 2513 481 2554 ac
492 2489 626 2552 multam
637 2490 671 2553 in
683 2490 790 2553 medio
803 2490 871 2552 sine
885 2491 1018 2553 nomine
1030 2489 1158 2578 plebem
1171 2537 1179 2565 ,

273 2630 469 2715 Fadumque,
483 2629 727 2716 Herbesumque
739 2629 837 2708 subit,
848 2629 1076 2716 Rhoetumque,
1086 2629 1294 2714 Abarimque,

272 2774 423 2854 Ignaros;
436 2769 588 2834 Rhoetum
601 2768 786 2854 vigilantem
800 2783 833 2830 et
844 2783 960 2832 cunata
972 2767 1154 2846 ridentem,

274 2907 337 2972 Sed
352 2927 505 2992 magnum
521 2922 667 2970 metuens
681 2929 715 2968 se
733 2921 807 2992 post
826 2912 949 2968 cratera
965 2906 1113 2990 tegebat3

273 3046 409 3108 Pectore
425 3041 460 3103 in
475 3040 610 3106 adverso
626 3057 731 3105 totum
748 3043 800 3105 cui
817 3041 962 3104 cominus
977 3063 1085 3103 ensem

272 3181 427 3245 Condidit
441 3181 636 3265 assurgenti,
654 3197 686 3244 et
702 3182 803 3244 multa
818 3197 924 3245 morte
941 3180 1075 3267 recepit.

272 3325 473 3406 Purpuream
485 3319 588 3382 vomit
598 3318 652 3382 itte
665 3321 819 3397 animam,
834 3335 866 3382 et
879 3343 951 3383 cum
964 3319 1119 3406 sanguine
1132 3318 1231 3381 mixta

274 3460 356 3527 Vina
370 3460 472 3524 refert
486 3462 648 3527 moriens:
667 3461 721 3525 bic
736 3461 825 3528 furto
840 3460 983 3524 fervidus
997 3460 1108 3528 instat.

274 3915 409 3995 Jamque
425 3909 465 3972 ad
480 3910 613 3993 Messapi
627 3910 731 3974 socios
748 3906 920 3984 tendebat,
940 3904 995 3970 ubi
1010 3903 1120 3989 ignem

276 4049 422 4120 Deficere
438 4062 636 4126 extremum,
656 4063 688 4111 et
705 4046 856 4130 religatos
872 4047 934 4108 rite
951 4043 1083 4110 ridebat
