2894 4812
310 401 372 463 2⁵4
552 395 782 457 AENEIDOS
815 396 960 456 LIBER
991 396 1051 455 xt.
1198 406 1274 438 ”²²-

307 544 433 602 lnterea
448 534 550 597 socios
564 531 794 617 inhumataque
809 552 946 617 corpora
961 545 1055 594 terrae

307 672 509 746 Mandemus;
523 670 579 756 qui
592 668 678 732 solus
689 667 793 732 honos
805 667 988 732 Acheronte
999 666 1059 729 sub
1070 667 1135 728 imo
1147 681 1207 728 est.

306 815 370 885 lte,
387 809 445 884 ait,
460 806 603 892 egregias
614 806 748 882 animas,
763 826 834 890 qure
844 805 998 890 sanguine
1008 803 1103 866 nobis

307 951 397 1008 Hanc
408 944 544 1030 patriam
558 965 714 1030 peperere
728 966 801 1020 suo,
817 942 968 1007 decorate
979 943 1135 1029 supremis

307 1085 509 1158 Muneribus3
523 1097 731 1165 moestamque
743 1079 885 1143 Evandri
894 1080 1017 1166 primus
1028 1079 1069 1141 ad
1081 1079 1192 1143 urbem

306 1223 451 1285 Mittatur
467 1219 588 1295 Pallas,
603 1243 699 1306 quem
713 1241 781 1282 non
797 1218 926 1280 virtutis
940 1231 1089 1302 egentem

307 1361 445 1444 dbspulit
461 1374 531 1422 atra
546 1358 632 1436 dies,
646 1374 679 1422 et
693 1358 805 1422 funere
821 1357 931 1421 mersit
945 1339 1074 1422 acerlto.
1096 1387 1109 1414 a

350 2086 402 2149 Sic
413 2086 457 2148 ait
468 2085 687 2171 illacrymans,
701 2085 879 2171 recipitque
891 2084 931 2147 ad
942 2085 1051 2148 limina
1066 2106 1206 2170 gressum
1220 2132 1227 2160 ,

306 2223 433 2308 Corpus
448 2223 503 2287 ubi
518 2224 655 2286 exanimi
669 2224 809 2309 positum
825 2224 978 2287 Pallantis
993 2227 1117 2286 ilcoetes

269 2442 272 2446 ¹
307 2363 462 2426 Servabat
476 2362 596 2439 senior,
613 2363 669 2450 qui
683 2362 850 2427 Parrhasio
867 2361 1017 2426 Evandro

305 2499 453 2585 Armiger
467 2516 541 2563 ante
556 2501 634 2578 fuit3
652 2501 789 2566 sednon
804 2499 950 2566 felicibus
964 2524 1053 2587 aeque

302 2639 383 2698 Tum
394 2659 500 2700 comes
512 2639 659 2724 auspiciis
670 2661 745 2702 earo
757 2637 849 2702 datus
862 2639 930 2703 ibat
941 2639 1082 2703 alumno.

303 2775 433 2840 Circum
445 2798 557 2840 omnes
566 2776 783 2864 famulumque
794 2799 921 2855 manus,
935 2780 1134 2863 Trojanaque
1145 2780 1255 2854 turba,

303 2918 343 2978 Et
357 2929 505 2978 moestum
520 2913 634 2976 iliades
649 2913 771 2978 crinem
787 2915 827 2980 de
842 2939 933 2980 more
947 2917 1069 2982 solutae.

303 3055 346 3116 Ut
362 3074 440 3115 vero
456 3053 568 3115 AEneas
582 3051 706 3115 foribus
721 3075 788 3117 sese
803 3053 913 3118 intulit
926 3055 1016 3132 altis,

302 3191 471 3276 Ingentem
485 3189 639 3276 gemitum
654 3190 755 3254 tunsis
770 3190 809 3275 ad
825 3192 927 3256 sidera
942 3193 1062 3258 tollunt

302 3328 510 3406 Pectoribus,
526 3343 704 3413 moestoque
718 3328 865 3416 immugit
877 3332 965 3418 regia
979 3332 1080 3398 luctu.

302 3467 374 3549 lpse
390 3482 485 3551 caput
498 3468 584 3530 nivei
599 3466 714 3531 fultum
730 3468 883 3534 Pallantis
899 3487 931 3534 et
945 3493 1001 3535 ora

303 3603 347 3665 Ut
363 3601 440 3665 vidit
453 3601 579 3688 levique
594 3622 708 3692 patens
721 3608 755 3670 in
769 3626 901 3694 pectore
916 3611 1030 3676 vulnus

304 3737 452 3823 Cuspidis
465 3738 626 3818 Ausonia,
640 3743 788 3830 lacrymis
798 3750 842 3808 ita
853 3747 938 3812 fatur
949 3749 1073 3813 obortis
1084 3774 1092 3812 ε

304 3900 318 3928 ι
332 3875 570 3960 Τεηε,,ἱηᾳυίῑ,
586 3881 764 3944 miserande
775 3904 867 3967 puer,
883 3906 982 3969 quum
993 3885 1064 3949 laeta
1074 3887 1213 3962 veniret,

300 4009 420 4074 Invidit
433 4012 674 4108 fortunamihi,
691 4041 733 4081 ne
748 4041 846 4104 regna
860 4022 986 4086 videres
