2872 4816
297 417 356 476 itt
386 449 390 458 ·
547 411 777 472 AENElDOS
806 411 950 471 LIBER
978 411 1017 470 X.
1183 416 1276 470 mit·

292 549 369 627 lllc,
383 550 469 612 sitim
484 543 682 632 meritosque
697 547 805 610 serens
818 546 1009 628 mortalibus
1023 549 1134 634 eugris,
1203 565 1207 575 ’

292 684 451 761 Nascitur,
469 697 502 746 et
516 681 597 747 laevo
613 682 783 746 contristat
798 669 919 746 lumine
934 678 1061 748 c'oelum.

294 820 386 886 Haud
401 835 508 885 tamen
524 782 760 884 uudaci'Turnc
776 814 891 884 fiducie
907 821 1000 884 cessit

294 960 418 1027 Littera
432 957 628 1049 praecipere,
645 929 995 1044 et'venientes'pellere
1012 973 1108 1022 terra.
1186 1036 1188 1040 y

293 1101 405 1186 [Ultro
417 1100 543 1164 animos
556 1096 643 1162 tollit
652 1095 763 1173 dictis,
777 1110 874 1181 atque
885 1096 1031 1183 increpat
1041 1096 1129 1162 ultro
1140 1099 1169 1186 ·]
1201 1183 1203 1186 ¹

252 1272 254 1276 ·
296 1268 309 1296 (ι
327 1237 426 1321 Quod
439 1237 523 1302 votis
539 1234 690 1322 optastis,
705 1233 795 1298 adest
805 1233 1034 1320 ,··perlringere
1049 1233 1180 1311 dextra;
1202 1279 1205 1284 -

293 1379 332 1438 ln
347 1373 494 1438 manibus
506 1375 588 1437 Mars
601 1371 669 1458 ipse
678 1419 687 1448 ‚
704 1371 766 1434 vir'i
778 1395 785 1432 :
799 1387 887 1435 nunc
903 1372 1049 1459 conjugis
1066 1388 1135 1437 esto
1170 1383 1174 1392 '

296 1514 440 1598 Quisque
451 1533 514 1573 suae
525 1507 666 1594 tectique
678 1475 821 1572 memor:
835 1530 923 1571 nunc
934 1531 1050 1604 magna
1060 1511 1182 1575 referto

295 1656 388 1714 Facta
396 1696 406 1726 ,
420 1647 689 1734 patrumlaudes:
704 1646 791 1712 ultro
804 1670 1010 1714 occurramus
1020 1649 1061 1712 ad
1074 1650 1210 1728 undam,

293 1793 380 1852 Dum
392 1785 511 1872 trepidi
520 1834 530 1864 ‚
538 1787 742 1872 egressisque·
754 1787 864 1851 labant
877 1787 1012 1872 vestigia
1027 1788 1142 1873 prime.

296 1930 459 1998 Audentes
471 1929 602 1992 fortuna
614 1931 717 2012 juvat.
734 1959 747 1988 u

299 2073 372 2130 llae'c
387 2065 450 2140 uit3
463 2078 495 2126 ct
512 2085 619 2125 secum
635 2079 740 2126 versut
752 2111 764 2140 ‚.
774 2061 990 2149 quos'ducere
1005 2082 1135 2144 contra,

298 2202 358 2266 Vel
371 2200 488 2286 quibus
503 2200 649 2276 obsessos
663 2201 763 2296 possit
778 2203 976 2296 concredere
991 2225 1112 2276 tnuros.

342 2669 469 2730 Interea
485 2671 597 2734 AEneas
611 2669 714 2736 socios
724 2669 768 2734 de
783 2645 946 2756 puppibus
960 2672 1035 2734 altis
1141 2651 1142 2654 Ἴ

298 2801 457 2866 Pontibus
471 2805 616 2890 exponit.
635 2804 727 2868 Multi
741 2801 869 2870 seriure
884 2828 1035 2871 recursus

296 2939 491 3024 Languentis
504 2939 629 3027 peta-gi-·,
643 2956 676 3004 et
691 2920 844 3006 brevibus
859 2965 893 3007 sc
909 2942 1043 3008 credere
1057 2945 1156 3021 saltu3

298 3077 363 3136 Per
376 3097 482 3139 ramos
495 3076 560 3139 alii.
580 3078 768 3162 Speculatus
783 3079 894 3145 littora
908 3082 1051 3167 Tarcho,

299 3215 370 3296 Qua
382 3203 463 3277 vadai
473 3237 542 3278 non
553 3217 692 3302 spirent,
705 3199 766 3284 nec
777 3220 878 3284 fracta
891 3234 1109 3292 remurmurat
1120 3221 1222 3299 unda,

297 3349 362 3414 Sed
377 3373 464 3414 mare
478 3348 672 3422 inoffensum
689 3357 848 3422 crescenti
861 3357 1012 3423 allabitur
1026 3373 1103 3422 cestu
1115 3405 1124 3436 ‚

295 3487 444 3552 Advertit
458 3491 566 3556 subito
580 3511 712 3578 proras,
730 3495 898 3581 sociosque
912 3510 1083 3582 precetur:
1145 3541 1147 3544 -

297 3653 311 3680 t
323 3628 434 3704 Nunc,
451 3649 473 3689 ο
486 3627 569 3691 lecta
585 3653 715 3709 manus,
732 3631 845 3697 validis
860 3635 1038 3698 incumbite
1052 3635 1167 3711 remim

294 3761 428 3842 Tollite,
439 3763 526 3828 ¹ferte
542 3783 643 3846 retes3
662 3771 823 3835 inimicam
840 3773 953 3840 findite
968 3763 1081 3840 rostris
1176 3853 1180 3860 Ι

294 3903 384 3962 Hunc
396 3914 532 3979 terram,
546 3905 734 3995 sulcumque
746 3910 807 3974 sibi
818 3928 944 3996 premat
955 3913 1022 3999 ipse
1034 3912 1154 3978 carina.
1223 3917 1224 3920 ’

294 4041 455 4126 Frangere
471 4063 531 4108 uec
548 4043 603 4106 tali
619 4048 753 4130 puppim
768 4049 906 4128 statione
921 4072 1054 4128 meuse,
