2908 4810
313 394 375 454 :322
553 370 1053 448 mustuosurunuxr.
1203 387 1297 447 mu.

311 536 377 594 Hos
387 527 503 603 aditus,
512 527 643 609 jamque
653 523 714 586 hos
724 520 840 598 aditus,
853 543 1047 607 omnemque
1058 541 1209 608 pererrat

311 665 461 753 Undique
472 663 663 739 circuitum,
679 677 712 726 et
726 675 848 725 certam
863 661 1153 747 quatit'improbus
1166 665 1301 729 hastam.

353 871 451 930 Forte
465 885 554 930 sacer
565 863 695 949 Cybelae
708 862 884 940 Chloreus,
899 862 1043 948 olimque
1052 864 1218 941 sacerdos,

309 1002 554 1090 insignisionge
570 1001 719 1087 Phrygiis
728 1001 873 1087 fulgebat
887 1001 921 1063 in
937 1000 1048 1074 armis;

310 1144 584 1228 Spumantemque
596 1139 737 1226 agitabat
747 1162 867 1225 eqnmn
879 1187 887 1217 ,
905 1161 1000 1226 quiem
1013 1137 1106 1224 pellis
1120 1137 1231 1202 ahenis

308 1285 346 1343 ln
357 1280 499 1365 plumam
511 1269 649 1364 squamis
664 1300 743 1341 auro
755 1293 904 1342 conserta
919 1277 1059 1364 tegebat.

309 1907 380 1990 lpse
388 1947 397 1980 ,
410 1869 584 1988 peregrina
596 1901 762 1986 ferrugine
777 1897 882 1965 clarus
894 1917 928 1966 et
939 1915 1050 1980 ostro,

309 2039 439 2125 Spicula
449 2040 624 2126 torquebat
638 2040 735 2126 Lycio
752 2042 914 2126 Gortynia
929 2059 1051 2105 cornu:

309 2179 432 2242 Aureus
447 2201 485 2242 ex
500 2178 643 2244 humeris
653 2195 746 2243 sonat
759 2200 869 2258 arcus,
886 2195 919 2243 et
935 2177 1107 2245 aurea'vati

309 2317 453 2381 Casside:
472 2333 540 2381 tum
555 2339 703 2382 croceam
717 2316 983 2404 chlamydemque
998 2293 1149 2406 simusque
1170 2331 1331 2406 crepantes

311 2453 486 2520 Carbaseos
499 2453 589 2520 fulvo
600 2456 636 2518 in
649 2454 772 2518 nodum
788 2453 1073 2540 collegeram,

310 2593 420 2656 Pictus
434 2615 494 2655 acu
507 2592 649 2668 tunicas,
663 2606 697 2655 et
710 2591 845 2654 barbara
862 2592 1005 2677 tegmina
1015 2601 1160 2660 crurum.

311 2735 406 2796 Hunc
420 2733 512 2817 virgo
524 2778 533 2808 ,
550 2731 616 2794 sive
630 2745 667 2793 ut
684 2729 812 2815 templis
826 2729 1009 2815 praefigeret
1021 2753 1108 2797 arma

312 2875 406 2935 Troia
418 2918 427 2948 ,
441 2870 569 2956 captivo
581 2869 648 2933 sive
663 2885 699 2932 ut
716 2891 748 2932 se
762 2869 863 2933 ferret
875 2869 909 2935 in
924 2893 1002 2935 auro

312 3005 485 3082 venatrix,
504 3027 604 3068 unum
620 3027 659 3068 ex
673 3005 763 3069 omni
776 3006 951 3072 certamine
966 2971 1084 3094 nugace

314 3145 404 3211 Caeca
419 3142 632 3228 sequebatur;
650 3156 820 3227 totumque
831 3139 957 3207 incauta
967 3165 1027 3231 per
1039 3167 1156 3231 agmen

313 3281 592 3367 Femineopraedae
608 3295 640 3360 et
656 3281 833 3367 spoliorum
845 3281 978 3348 ardebat
990 3304 1111 3348 amore.

312 4020 423 4086 Telum
439 4043 478 4086 sn
490 4019 613 4086 insidiis
628 4046 731 4108 quum
745 4025 874 4092 tandem
886 4044 1031 4116 tempore
1043 4047 1140 4117 capto
1172 4081 1175 4089 .
