2924 4808
291 393 331 451 88
531 386 759 451 AENEIDOS
788 384 935 445 ttuutt
966 383 1028 442 tx.
1178 396 1202 424 vt
1218 386 1272 432 141·

288 528 372 588 Ante
385 524 476 601 satis,
491 523 620 608 penitus
631 521 729 586 modo
740 543 808 584 nou
820 541 922 606 genus
934 539 1031 582 omne
1042 539 1178 604 perosos

290 665 475 726 Femineum
490 685 499 726 t
513 661 630 746 quibus
640 659 707 722 haec
718 659 816 721 medii
827 637 941 721 fiducia
952 655 1046 731 valli,

288 807 521 884 Fossarumque
533 820 648 873 morae,
662 795 719 858 leti
730 794 914 858 discrimina
924 816 1040 880 parva,

289 946 377 1003 Dant
388 937 521 1000 animus.
537 937 579 998 At
590 955 658 996 non
670 931 822 994 viderunt
834 929 952 992 muenia
962 931 1086 1012 Trojae,

290 1076 432 1164 Neptuni
442 1075 596 1138 fabricata
607 1095 721 1150 mauu,
737 1071 904 1135 considere
915 1071 950 1134 in
960 1070 1071 1156 ignes?

237 1257 239 1261 ,
291 1214 356 1278 Sed
367 1235 443 1290 vos,
457 1236 477 1275 o
489 1211 585 1286 lecti,
600 1209 687 1272 ferro
700 1208 756 1294 qui
767 1207 914 1274 scindere
926 1206 1045 1272 vellum

290 1354 449 1438 Apparet,
465 1365 498 1414 et
508 1371 634 1414 mecum
645 1346 769 1411 invadit
781 1345 976 1431 trepidantia
990 1346 1118 1407 cestra?

291 1495 363 1554 Non
376 1491 472 1554 armis
483 1489 562 1552 mihi
574 1488 709 1552 Vulcani
717 1535 730 1566 ,Ἴ
741 1508 809 1550 non
821 1483 910 1547 mille
922 1483 1038 1548 carinis

294 1631 350 1690 Est
363 1648 443 1712 opus
454 1627 489 1718 in
499 1631 652 1688 Teucros.
665 1623 795 1687 Addunt
805 1643 839 1686 se
850 1622 1001 1708 protinus
1012 1644 1126 1686 omnes

295 1763 421 1826 Etrusci
432 1764 555 1838 soci0s3
570 1763 721 1827 tenebras
735 1776 767 1824 et
778 1761 895 1824 inertia
906 1761 993 1824 furta

295 1902 466 1988 (Palladii,
480 1901 567 1964 cresis
578 1921 708 1968 summae
722 1899 910 1963 custodibus
923 1899 1042 1992 arcis),

295 2041 342 2100 Ne
353 2038 504 2113 timeant3
519 2059 580 2100 nec
594 2036 669 2120 equi
681 2058 761 2098 caeca
773 2035 952 2098 condemur
963 2033 997 2096 in
1009 2033 1101 2097 alvo:
1144 2112 1152 2118 -

295 2177 396 2250 Luce,
410 2171 534 2259 palam,
551 2189 675 2236 certum
687 2187 735 2234 est
746 2173 813 2258 igni
824 2172 1024 2236 circumdare
1035 2193 1159 2266 muros

297 2311 391 2373 Haud
400 2310 461 2373 sihi
473 2333 546 2374 curn
557 2309 675 2374 Danais
685 2331 754 2376 reru
767 2309 839 2373 faxo
851 2325 884 2372 et
894 2310 981 2396 pube
993 2308 1126 2394 Pelasga
1211 2373 1213 2378 .

296 2449 370 2509 Esse
382 2461 516 2532 putent,
531 2447 691 2511 decimum
703 2469 785 2533 quos
798 2434 923 2512 distulit
934 2451 1055 2512 Hector
1066 2445 1100 2512 in
1110 2467 1244 2512 anuum.
1256 2470 1257 2475 ¹

298 2586 390 2646 Nunc
401 2584 499 2661 ade0‚
513 2585 629 2648 melior
641 2588 793 2673 quoniam
804 2609 878 2673 pers
891 2602 959 2650 acta
970 2586 1052 2663 diei,

299 2701 396 2804 Qucd
409 2739 571 2809 superest,'
584 2723 649 2787 laeti
657 2725 742 2788 bene
754 2725 849 2812 gestis
860 2746 998 2810 corpora
1009 2725 1106 2787 rebus

299 2865 495 2940 Procurate‚
512 2863 591 2937 viri;
606 2878 639 2928 et
650 2885 790 2949 pugnam
802 2879 928 2951 sperate
937 2863 1052 2949 parati.
1068 2891 1085 2921 s.

313 3960 316 3965 s
344 3891 470 3951 Interea
481 3888 612 3974 vigilum
625 3893 765 3956 excubiis
776 3891 924 3956 obsidere
935 3907 1046 3979 portas

301 4025 386 4090 Cura
398 4027 491 4090 datur
504 4031 664 4116 Messapo,
680 4047 712 4096 et
724 4031 839 4096 nueuie
851 4033 981 4117 cingere
992 4031 1139 4101 flammis.
