2952 4812
235 353 238 359 ¹
304 394 365 456 sss
535 389 1052 453 nunrnosnmnnxn.
1110 361 1113 368 ’
1193 351 1294 451 vssse.

301 538 452 626 Lyrnessi
466 541 580 601 domus
591 537 653 600 alta
666 562 674 614 3
688 537 757 601 solo
772 540 931 602 Laurente
945 537 1141 623 sepulcrum.

301 681 389 740 Totae
400 672 480 735 adeo
498 694 660 738 converse
671 674 752 740 acies
764 717 772 751 ,
786 695 961 759 omnesque
975 674 1098 752 Latini,

303 815 425 877 Omnes
437 813 645 892 Dardanidae,
664 815 867 892 Mnestheus,
880 835 1018 899 acerque
1030 815 1195 892 Serestus,

301 952 342 1012 Et
353 954 513 1037 Messapus
528 925 647 1038 equum
663 951 816 1032 domitor,
835 969 868 1016 et
882 953 975 1016 fortis
988 951 1099 1037 Asylas
1108 939 1117 1031 ,

301 1094 541 1176 Tuscorumque
556 1090 712 1176 phalanx,
727 1091 932 1177 Evandrique
949 1090 1087 1154 Arcades
1100 1090 1176 1160 alae;

302 1231 367 1294 Pro
382 1249 415 1290 se
431 1227 565 1312 quisque
581 1228 643 1290 viri
658 1221 778 1292 summa
792 1228 943 1292 nituntur
953 1228 1109 1313 opumvi.

302 1369 367 1428 Neo
379 1387 470 1429 mora
480 1387 565 1443 ,nec
581 1365 727 1450 requies:
745 1381 835 1429 vasto
850 1367 1024 1430 certamine
1039 1366 1190 1432 tendunt.

347 1670 407 1734 Hic
421 1685 564 1734 mentem
577 1673 683 1734 AEneae
697 1670 837 1756 genitrix
850 1668 1068 1756 pulcherrima
1079 1669 1166 1734 misit

302 1814 368 1873 Iret
381 1824 418 1873 ut
433 1809 473 1872 ad
485 1831 615 1881 muros,
633 1808 772 1893 urbique
788 1808 974 1872 adverteret
984 1829 1101 1893 agmen

303 1947 422 2024 Ocius,
439 1963 472 2011 et
484 1946 591 2011 subita
606 1945 754 2010 turbaret
766 1944 856 2009 clade
872 1945 1012 2010 Latinos.

301 2083 379 2162 Ille,
395 2100 450 2164 ut,
467 2087 626 2174 vestigans
637 2085 764 2150 diversa
776 2107 836 2171 per
851 2085 977 2172 agmina
989 2089 1151 2163 Turnum,

302 2223 372 2283 Huc
387 2236 485 2307 atque
498 2222 562 2286 huc
577 2222 659 2286 acies
675 2220 871 2285 circumtulit
883 2267 892 2299 ,
905 2220 1041 2306 adspicit
1051 2221 1161 2287 urbem

301 2360 481 2422 Immunem
496 2355 578 2422 tanti
593 2358 671 2432 belli
686 2373 782 2444 atque
799 2359 931 2444 impune
943 2358 1096 2443 quietam.

1174 2455 1188 2488 Q

302 2497 466 2562 Continuo
480 2518 598 2584 pugnae
608 2494 756 2560 accendit
768 2495 902 2578 'majoris
918 2494 1035 2578 imago.

302 2635 485 2712 Mnesthea,
505 2637 755 2722 Sergestumque
771 2647 882 2710 vocat,
899 2633 1083 2718 fortemque
1098 2635 1285 2711 Serestum,

302 2780 481 2849 Ductores;
496 2769 721 2857 tumulumque
736 2772 838 2860 capit,
856 2792 921 2856 quo
937 2784 1044 2832 cetera
1058 2774 1218 2834 Teucrum

302 2910 477 2976 Concurrit
486 2905 589 2994 legi03
607 2930 669 2972 nec
681 2923 771 2972 scuta
784 2925 840 2974 aut
850 2909 970 2996 spicula
985 2910 1077 2973 densi

303 3052 500 3135 Deponunt.¹
510 3043 604 3108 Celso
620 3043 744 3108 medius
759 3059 846 3107 stans
862 3045 1092 3131 aggerefaturt

305 3215 318 3244 a
335 3192 457 3272 Neque
472 3183 551 3248 meis
566 3199 635 3246 esto
652 3181 745 3247 dictis
756 3205 865 3259 mora;
881 3183 1009 3269 Jupiter
1023 3184 1082 3247 hac
1093 3199 1176 3252 stat:
1244 3225 1247 3230 -

301 3332 371 3390 Neu
383 3325 455 3412 quis
469 3326 513 3388 ob
527 3323 692 3410 inceptum
705 3323 847 3386 subitum
862 3323 940 3385 mihi
952 3324 1081 3410 segnior
1093 3322 1153 3387 ito.

303 3464 425 3528 Urbem
437 3461 550 3538 hodic,
565 3482 690 3525 oausam
704 3457 801 3537 belli,
819 3481 918 3546 regna
930 3460 998 3545 ipsa
1009 3460 1114 3524 Latini
1121 3505 1130 3538 ,

304 3603 343 3668 Ni
357 3603 485 3665 frenum
496 3599 641 3684 accipere
658 3614 691 3662 et
705 3596 781 3660 victi
795 3618 910 3684 parere
924 3598 1078 3676 fatentur,

304 3744 436 3817 Eruam,
454 3755 487 3802 et
502 3757 592 3822 aequa
606 3738 676 3801 solo
691 3751 723 3802 et
738 3736 893 3800 fumantia
907 3738 1046 3801 eulmina
1061 3759 1195 3824 ponam.

304 3876 433 3941 Scilicet
444 3887 624 3963 exspectem
637 3841 735 3937 libeat
747 3873 822 3936 dum
834 3874 942 3959 praelia
955 3881 1064 3939 Turno

303 4017 417 4077 Nostra
433 4014 518 4099 pati,
533 4033 707 4096 rursusque
722 4009 800 4073 velit
812 4033 1006 4077 concurrere
1022 4011 1145 4076 victus?
