2952 4812
319 399 380 460 406
556 395 776 458 AENEIDOS
807 395 943 456 LIBER
974 395 1064 462 xli„
1206 395 1300 440 noos.

321 535 449 598 Occidit
458 535 526 620 ipsa
540 555 615 612 sua,
632 533 801 617 lucemque
817 532 968 598 exterrita
982 533 1075 620 fugit.

322 672 389 736 Soli
402 693 462 757 pro
475 672 578 756 portis
587 673 747 754 Messapus
758 685 791 734 et
801 691 875 734 acer
887 672 997 735 Atinas

321 809 508 869 sustentant
522 803 641 879 aciem3
658 804 778 867 circum
794 804 853 868 hos
869 807 1030 893 utrimque
1045 807 1220 896 phalanges

322 945 415 1007 Stant
430 942 535 1006 densae
544 991 553 1022 ,
570 943 753 1029 strictisque
771 928 859 1032 seges
875 945 1084 1010 mucronibus
1099 946 1213 1012 horret
1245 991 1247 1009 .

320 1084 435 1144 Ferrea
450 1106 457 1142 ε
476 1097 512 1144 tu
526 1103 655 1149 currum
671 1080 799 1147 desorto
814 1081 848 1147 in
863 1083 1006 1167 gramine
1021 1085 1143 1151 versas!
1165 1115 1179 1143 e

367 1881 545 1970 Obstupuit
561 1885 646 1957 uaria
658 1883 807 1950 confusus
817 1885 955 1972 imagine
971 1907 1080 1951 rerum

322 2022 466 2098 Turnus,
484 2035 517 2084 et
532 2021 649 2086 obtutu
664 1993 762 2086 tacito
777 2023 885 2087 stetit:
903 2039 1014 2088 aestuat
1028 2024 1142 2110 ingens

322 2161 395 2223 Uno
407 2158 443 2220 in
459 2159 557 2222 corde
571 2159 688 2245 pudor,
706 2160 872 2246 mixtoque
886 2149 1007 2225 insania
1022 2160 1126 2236 luctu,

323 2298 363 2358 Et
372 2295 463 2360 furiis
475 2298 610 2384 agitatus
621 2320 723 2376 amor,
738 2312 770 2361 et
781 2299 908 2362 conscia
921 2300 1035 2362 virtus.

324 2437 366 2498 Ut
380 2434 521 2520 primum
536 2437 683 2504 discussae
698 2439 819 2502 umbrae
833 2454 866 2500 et
881 2437 934 2500 lux
949 2436 1075 2502 reddita
1092 2436 1210 2514 menti,

305 2571 482 2636 ”Ardentes
494 2575 664 2641 oculorum
676 2577 772 2643 orbes
782 2576 823 2639 ad
834 2577 951 2642 muenia
966 2576 1060 2640 torsit

322 2709 500 2781 Turbibus‚
517 2732 599 2794 eque
612 2712 691 2774 rotis
703 2733 850 2796 magnam
863 2709 1003 2796 respexit
1019 2710 1059 2772 ad
1075 2710 1201 2772 urbem.

323 2851 404 2912 Ecce
415 2865 521 2912 autem
534 2850 668 2912 flammis
679 2843 766 2913 inter
780 2851 920 2943 tabulata
933 2850 1061 2913 volutus

325 2987 372 3050 td
385 2986 498 3051 coeium
514 2983 655 3049 undabat
670 3003 801 3068 vortex,
818 2963 998 3075 turrimque
1010 2988 1160 3062 tenebat,
1179 3065 1181 3070 Ι

322 3125 451 3188 Turrim
466 3125 640 3212 compactis
657 3125 802 3190 trabibus
818 3147 913 3214 quam
929 3125 1083 3193 eduxerat
1098 3125 1167 3209 ipse
1176 3172 1186 3202 ,

325 3262 583 3346 Subdideratquc
597 3277 702 3338 rotas,
719 3279 900 3348 pontesque
914 3264 1105 3330 instraverat
1113 3261 1215 3329 altos.

327 3430 341 3458 «
356 3405 490 3486 Jamjam
504 3403 587 3481 fata,
604 3424 709 3478 soror,
729 3419 898 3488 superant;
914 3405 1029 3469 absiste
1044 3403 1188 3466 moraris

327 3543 400 3620 Quo
413 3536 508 3611 deus,
526 3553 559 3600 et
571 3563 635 3624 quo
645 3541 725 3604 dura
739 3556 831 3603 vocat
843 3541 992 3617 fortuna,
1009 3563 1193 3625 sequamur.

327 3903 395 3964 Stat
407 3904 556 3968 conferre
568 3925 697 3968 manum
709 3908 814 3971 AEneae
826 3953 833 3984 ,
848 3921 910 3978 stat
922 3905 1079 3992 quidquid
1089 3904 1201 3969 acerbi
1215 3921 1262 3970 est

324 4041 428 4102 Morte
443 4042 508 4125 pati
519 4067 528 4117 ς
541 4061 601 4104 nec
614 4063 664 4104 me
676 4043 880 4119 indecorem,
895 4063 1064 4128 germana,
1083 4040 1209 4108 videbis
