2894 4812
308 408 370 470 226
565 405 794 468 AENEIDOS
825 407 969 470 LIBER
1001 411 1040 470 X.
1200 425 1292 468 urar·

306 546 359 610 Sic
374 545 439 608 ruit
451 545 487 610 in
501 543 620 608 densos
634 543 739 608 alacer
754 544 929 606 Mezentius
943 543 1061 608 hostes.

308 680 472 745 Sternitur
485 678 596 742 infelix
610 679 734 755 Acron,
752 693 787 741 et
800 678 940 742 calcibus
955 693 1056 743 atrum

305 818 424 882 Tundit
434 818 568 881 humum
579 815 761 903 exspirans,
775 815 973 901 infractaque
987 815 1049 880 tela
1063 833 1222 881 cruentat.

202 1046 214 1055 Ι·
305 961 410 1044 Atque
421 958 507 1022 idem
520 957 696 1044 fugientem
709 954 796 1018 haud
807 967 855 1018 est
866 954 1016 1039 dignatus
1030 955 1166 1019 Oroden

306 1097 479 1173 Sternere,
494 1117 555 1160 nec
561 1097 647 1178 jacta
658 1114 777 1156 cecum
789 1092 866 1157 dare
878 1091 1009 1179 cuspide
1020 1093 1154 1170 vulnus3

306 1230 448 1308 Obvius,
463 1230 662 1314 adversoque
675 1228 839 1305 recurrit,
853 1249 951 1313 seque
966 1227 1038 1292 viro
1052 1229 1103 1294 vir

304 1366 470 1444 Contulit,
485 1365 570 1430 haud
584 1365 673 1428 furto
687 1362 816 1444 melior,
833 1363 889 1426 sed
904 1363 1042 1429 fortibus
1057 1367 1163 1428 armis.

302 1510 382 1570 Turn
398 1527 495 1592 super
508 1505 669 1588 abjectum
684 1503 791 1590 posito
806 1502 889 1590 pede
904 1503 997 1566 nixus
1013 1519 1046 1566 et
1060 1503 1165 1567 hasta:

303 2186 407 2244 «Pars
418 2179 496 2242 belli
508 2178 593 2241 haud
606 2177 794 2254 temnenda,
809 2173 871 2241 viri
879 2222 889 2254 ,
899 2181 986 2262 jacet
997 2178 1079 2242 altus
1093 2179 1230 2244 Orodes.
1245 2212 1258 2239 a

303 2317 515 2383 Conclamant
530 2317 624 2393 socii,
643 2315 750 2379 laetum
765 2337 875 2402 paeana
891 2319 1004 2380 secuti.

296 2654 355 2722 Ille
365 2669 472 2720 autem
486 2654 667 2742 exspirans:
685 2658 784 2718 «Non
797 2675 848 2717 me
856 2700 865 2730 ,
880 2654 1074 2740 quicumque
1086 2676 1134 2733 es,
1148 2655 1253 2719 inulto
1264 2657 1280 2734 ,'

297 2794 421 2873 Victor,
435 2817 495 2860 nec
506 2794 641 2879 longum
652 2792 817 2866 laetabere3
832 2806 864 2854 te
879 2812 1009 2877 quoque
1020 2791 1084 2856 lata

296 2936 507 3019 prospectant
518 2931 623 3017 paria,
637 2944 735 3015 atque
747 2928 859 2994 eadem
875 2951 950 2992 mox
960 2950 1036 2994 arra
1049 2928 1184 2993 tenebis.
1200 2959 1214 2988 a

281 3071 343 3134 ud
356 3092 453 3156 quem
467 3069 636 3135 subridens
651 3071 749 3134 mixta
765 3033 940 3133 Mezentius
954 3068 1022 3132 ira:

297 3653 310 3682 ιι
323 3629 414 3690 Nunc
425 3647 569 3692 morere:
580 3642 627 3690 ast
638 3626 741 3691 deme
752 3626 863 3691 divum
874 3642 1073 3714 paterasque
1086 3627 1252 3694 hominurn
1264 3647 1314 3690 rex

294 3763 429 3828 Viderit.
444 3792 458 3821 υ
476 3767 546 3826 Hoc
561 3764 689 3842 dicens,
706 3765 815 3830 eduxit
830 3789 969 3855 corpore
984 3767 1103 3833 telum:

293 3898 361 3964 Olli
374 3901 455 3966 dura
472 3901 562 3988 quies
576 3903 687 3968 oculos
702 3920 735 3968 et
745 3883 873 3970 ¹ferrcus
889 3921 982 3992 urget

291 4042 444 4115 Somnus3
458 4040 492 4107 in
502 4055 656 4107 eternam
668 4043 863 4108 clauduntur
874 4045 997 4112 lumina
1005 4060 1147 4114 noctem.
