2894 4812
188 2077 194 2084 ·
298 2049 455 2114 Advolat:
469 2049 553 2113 haud
565 2049 625 2112 alia
637 2065 684 2113 est
697 2047 798 2113 Turni
810 2047 966 2126 venientis
977 2048 1093 2136 imago.

296 411 360 477 200
548 403 772 466 AENElDOS
800 403 943 462 LIBER
972 401 1012 460 X.
1181 395 1275 451 ”⁴⁴5-

294 547 338 615 At
349 542 503 614 Rutulum
514 536 811 620 abscessujuvenis‚
824 550 892 600 turn
899 538 985 620 jussa
995 535 1135 622 superba

295 681 443 758 Miratus,
458 691 564 764 stupet
574 677 746 752 inTurno,
759 664 942 759 earpusque
953 673 1136 762 peringens

293 817 427 882 Lumina
438 815 555 892 volvit,
569 813 704 900 obitque
716 813 800 876 truci
811 812 926 900 procul
942 811 1049 876 onmia
1063 811 1150 888 visu;

295 954 423 1019 Talibus
438 969 471 1018 et
483 953 577 1018 dictis
589 953 616 1016 it
630 967 746 1016 eontra
760 951 846 1016 dicta
861 952 1010 1038 tyranni:

298 1120 312 1154 a
326 1095 389 1155 Aut
403 1090 513 1177 spoliis
527 1113 588 1177 ego
597 1091 664 1174 jam
679 1088 779 1176 raptis
792 1087 949 1169 laudabor
963 1085 1096 1173 opimis,
1204 1147 1208 1154 .

294 1230 359 1299 Aut
369 1226 436 1291 leto
448 1227 585 1312 insigni:
603 1221 684 1291 sorti
695 1240 787 1312 pater
797 1247 907 1312 aequus
919 1224 1049 1310 utrique
1060 1236 1128 1286 est:

294 1364 387 1429 Tolle
396 1364 508 1428 minas.
524 1393 538 1446 a
552 1368 647 1438 Fatus
658 1362 798 1436 medium
808 1361 957 1458 procedit
966 1360 1001 1425 in
1012 1379 1135 1445 aequor.

297 1501 444 1588 Frigidus
456 1500 633 1570 Arcadibus
645 1501 711 1574 coit
721 1503 755 1564 in
766 1499 942 1588 praecordia
954 1497 1098 1596 sanguis..

297 1637 434 1704 Desiluit
443 1643 570 1705 Turnus
580 1639 713 1725 bijugis3
725 1638 826 1726 pedes
836 1653 969 1726 apparat
979 1639 1027 1702 ira

299 1739 465 1842 Cominus.
479 1780 585 1864 thue
598 1777 668 1856 lea,
680 1775 807 1862 specula
819 1795 919 1860 quum
931 1773 1012 1838 vidit
1020 1774 1062 1837 ab
1074 1774 1137 1837 alta
1210 1813 1213 1818 ι

298 1917 391 1979 Stare
404 1912 519 1999 procul
531 1915 650 1998 campis
661 1911 870 1977 meditantem
881 1911 915 1974 in
926 1911 1035 1997 praelia
1047 1927 1174 1975 taurum
1186 1959 1198 1990 s

1163 2007 1196 2064 Ὀ

299 2193 394 2264 Hune
406 2189 462 2260 ubi
472 2188 660 2276 contiguum
670 2188 772 2262 missae
782 2187 852 2252 iore
864 2187 1001 2254 eredidit
1011 2188 1126 2266 hastae,

218 2390 222 2398 ,
298 2332 352 2391 Ire
364 2327 457 2412 prior
472 2324 593 2402 Pallas,
609 2323 635 2388 si
651 2346 714 2411 qua
727 2323 795 2387 fors
810 2323 940 2408 adjuvet
953 2345 1062 2388 ausum

299 2461 429 2527 Viribus
440 2460 633 2548 imparibus:
649 2461 868 2548 magnumque
881 2466 926 2524 ita
936 2461 977 2525 ad
988 2461 1105 2524 aethera
1116 2461 1222 2524 satur:

303 2568 393 2666 «Per
402 2599 503 2688 patris
512 2599 704 2687 hospitium,
722 2615 755 2664 et
768 2622 892 2663 mensas
903 2621 980 2686 quas
991 2595 1113 2664 advena
1124 2594 1220 2661 adisti
1240 2678 1245 2687 „

300 2747 345 2806 Te
360 2763 490 2831 precor,
506 2740 637 2820 Alcide,
655 2741 768 2828 coeptis
781 2741 967 2828 ingentibus
983 2741 1064 2816 adsis
1073 2766 1085 2818 ;Ι

304 2882 426 2947 Cernat
441 2881 593 2946 sentinari
604 2881 666 2950 sibi
679 2903 732 2944 me
746 2902 860 2968 rapere
874 2901 961 2944 arma
976 2893 1130 2957 muenia,

303 3015 532 3103 victoremque
546 3017 652 3080 ferant
668 3016 838 3081 morientia
852 3015 972 3080 lumina
986 3017 1131 3082 Turni.»

304 3153 413 3218 audiit
424 3151 551 3218 Alcides
556 3155 729 3236 juvenem,
745 3174 961 3248 magnumque
974 3152 1034 3216 sub
1044 3153 1109 3216 imo

306 3290 413 3355 Corde
425 3293 544 3378 premit
554 3291 726 3378 gemitum,
740 3287 960 3388 lacrymasque
976 3287 1089 3358 effudit
1101 3288 1227 3362 inanes:

301 3432 382 3492 Turn
397 3431 526 3514 genitor
541 3444 653 3498 natum
669 3428 762 3494 dictis
776 3428 892 3496 affatur
905 3427 1035 3504 amicis:

305 3594 318 3623 a
333 3568 404 3629 Stat
415 3589 469 3629 sua
481 3567 596 3654 cuique
607 3567 690 3646 dies,
705 3568 805 3633 breve
816 3581 849 3630 et
860 3565 1069 3654 irreparabile
1082 3577 1212 3652 ternpus

303 3703 464 3767 Omnibus
480 3719 528 3768 est
541 3704 633 3784 vitae3
652 3707 707 3771 sed
721 3706 837 3771 famam
854 3689 1028 3769 extendere
1043 3703 1155 3778 lautis¹

302 3841 372 3900 Hoc
386 3843 515 3906 virtutis
529 3867 621 3929 opus.
639 3847 745 3927 Trojae
760 3845 820 3907 sub
836 3831 995 3946 moenibus
1010 3840 1082 3904 altis

303 3979 364 4054 Tot
378 3974 444 4038 nati
462 3976 606 4056 cecidere
621 3979 736 4058 deum3
753 3979 832 4074 qum
848 3979 967 4062 oceidit
983 3999 1063 4081 una¹
1082 3997 1085 4004 ’
