2908 4810
277 389 340 451 348
508 387 736 450 AENEIDOS
767 387 914 450 LIBER
946 388 1027 452 x11.
1183 393 1263 440 W·

272 525 382 603 Italia,
398 524 631 624 adtmortemei
646 538 680 588 te
693 521 704 610 (
715 523 783 588 fois
798 521 890 588 dieta
899 515 1019 590 refutet
1032 525 1040 584 l
1053 523 1066 608 )

271 664 490 742 Prodiderim,
504 678 612 728 natam
623 677 656 726 et
667 661 829 726 connubia
839 675 951 724 nostra
962 663 1157 747 petentem?

270 801 404 887 Respice
418 824 469 865 res
484 785 572 866 ¹bello
587 799 707 876 variam
725 799 877 863 miserere
893 799 1036 885 parentis

270 939 435 1029 Longmi,
448 959 545 1024 quem
555 959 644 1002 nunc
658 951 807 1001 moestum
818 936 922 1026 patrie
932 937 1038 1000 Ardea
1050 937 1149 1026 longe

270 1073 406 1138 Dividit.
422 1103 436 1134 n
452 1073 705 1160 Haudquaquam
716 1071 810 1138 dietis
821 1072 976 1140 violentia
986 1075 1086 1138 Turni

269 1212 438 1277 Flectitur:
455 1227 623 1299 exsuperat
632 1212 750 1299 magis,
765 1211 975 1299 aegrescitque
990 1211 1163 1279 medendo.

269 1354 311 1415 Ut
325 1349 465 1435 primum
480 1347 540 1411 fari
555 1347 681 1434 potuit,
696 1347 741 1411 sic
756 1347 875 1411 institit
889 1368 966 1411 ore:

271 1518 285 1546 α
297 1493 402 1574 Quam
413 1510 475 1578 pro
486 1509 538 1552 me
550 1508 660 1552 curam
670 1487 773 1573 geris,
784 1487 868 1552 hanc
878 1479 1008 1574 precor,
1019 1489 1158 1574 optime,
1169 1512 1230 1576 pro
1243 1515 1298 1556 me

268 1630 435 1713 Deponas,
450 1626 616 1712 letumque
627 1625 711 1690 sinas
721 1647 783 1713 pro
797 1625 890 1691 laude
900 1585 1027 1712 paeisci.

266 1765 307 1825 Et
318 1785 377 1826 nos
388 1762 470 1841 tela,
483 1777 588 1850 pater,
601 1761 789 1847 ferrumque
800 1762 888 1828 haud
898 1761 1005 1826 debile
1016 1761 1130 1828 dextra

266 1903 466 1989 spargimus,
480 1915 513 1965 et
522 1915 637 1966 nostro
648 1899 794 1986 sequitur
805 1898 846 1963 de
856 1897 991 1978 vulnere
1002 1899 1143 1986 sanguia

265 2045 374 2124 Longe
384 2037 432 2100 illi
443 2037 502 2101 dea
513 2053 617 2101 mater
631 2037 709 2115 erit,
723 2059 794 2122 quae
807 2035 895 2100 nube
906 2035 1053 2122 fugacem

264 2175 414 2240 Feminea
424 2188 530 2260 tegat,
544 2190 576 2239 et
588 2175 676 2240 vanis
687 2197 754 2240 sese
766 2174 893 2239 occulat
904 2175 1039 2240 umbris.
1057 2205 1071 2233 2

306 3480 348 3540 At
362 3478 472 3562 regina
480 3524 490 3556 ,
504 3499 590 3544 nera
603 3497 719 3564 pugne
732 3479 912 3542 conterrita
928 3493 1034 3558 sorte,

211 3659 214 3664 -
243 3617 245 3622 ’
261 3613 387 3692 Flebat,
401 3629 435 3677 et
446 3614 612 3679 ardentem
624 3635 778 3700 generum
791 3617 948 3682 moritura
959 3616 1110 3680 tenebat:

262 3778 275 3807 α
287 3755 411 3828 Turne,
424 3771 484 3836 per
497 3749 552 3813 has
563 3774 624 3838 ego
636 3768 668 3817 te
678 3753 851 3842 lacrymas,
865 3757 962 3846 persi
977 3755 1049 3842 quis
1060 3734 1186 3820 Amatae

257 3891 373 3976 Tangit
383 3890 487 3955 honos
497 3888 637 3956 animum
651 3891 745 3982 (spes
755 3909 792 3958 tu
802 3917 891 3960 nunc
902 3917 981 3973 una,
996 3909 1133 3978 senectae

260 4036 307 4095 Tu
319 4028 446 4113 requies
457 4027 578 4094 miserm
585 4075 594 4106 ,
608 4029 704 4098 decus
715 4033 950 4122 imperiumque
963 4031 1066 4118 Latini
1121 4117 1124 4126 ι
