2872 4816
281 427 342 488 142
526 423 747 487 AENElDOS
777 423 916 484 LIBER
947 425 1010 484 lX.
1173 429 1267 480 v·71t·

279 563 413 627 Miscent
428 585 461 626 sc
477 560 593 638 maria,
610 575 643 623 et
659 521 760 646 nigre
775 558 970 628 attolluntur
985 577 1110 635 arenae3

278 708 359 768 Tum
371 702 478 766 sonitu
489 699 653 786 Prochyta
664 699 728 762 alta
740 699 867 776 tremit,
882 698 1063 784 durumque
1076 699 1184 762 cubile

278 811 417 904 Inarime
431 839 522 903 Jovis
536 838 679 926 imperiis
693 837 830 923 imposta
843 839 999 924 Typhoeo.

322 1155 382 1219 llic
393 1159 475 1220 Mars
486 1153 684 1240 armipotens
695 1154 838 1216 animum
851 1155 1000 1241 viresque
1016 1159 1135 1222 Latinis

278 1295 428 1372 Addidit,
442 1311 475 1358 et
490 1293 636 1358 stimulos
651 1315 740 1356 acres
755 1293 815 1356 sub
829 1309 963 1380 pectore
979 1298 1095 1375 vertit,

278 1437 475 1521 lmmisitque
486 1435 594 1521 fugam
605 1434 736 1498 Teucris
747 1449 919 1520 atrumque
932 1411 1093 1502 timorem.

278 1577 429 1662 Undique
440 1575 656 1653 conveniunt,
670 1575 823 1660 quoniam
835 1575 909 1642 dau
922 1578 1014 1663 copia
1026 1601 1159 1666 pugnae,

277 1713 484 1800 Bellatorque
498 1711 623 1777 animos
637 1712 715 1776 deus
730 1709 857 1777 in'cidit.

277 1850 461 1927 Pandarus,
476 1867 512 1914 ut
526 1852 802 1938 luso'gerinanum
819 1874 957 1939 corpore
973 1854 1096 1932 cernit,

276 1990 317 2051 Et
331 2011 397 2074 quo
412 1990 453 2053 sit
466 1990 600 2055 fortuna
613 1988 705 2067 loco,
723 1991 779 2076 qui
794 2013 883 2054 casus
898 2008 971 2079 agat
986 2015 1056 2070 res,

277 2133 411 2191 Portam
424 2128 458 2193 vi
473 2127 575 2192 multa
588 2149 746 2192 converso
762 2129 894 2198 cardine
910 2145 1059 2217 torquet,
1166 2195 1167 2200 ,

278 2267 427 2333 Obnixus
441 2268 513 2331 latis
528 2268 688 2346 humeris,
702 2268 886 2354 multosque
900 2289 1032 2334 suorum

278 2407 436 2471 Moenibus
453 2387 598 2498 exclusos
613 2407 697 2470 duro
713 2405 748 2468 in
765 2407 940 2472 certamine
953 2389 1091 2494 linquit:

276 2549 333 2608 Ast
344 2545 424 2609 alios
440 2565 548 2608 secum
563 2543 700 2607 includit
714 2543 894 2634 recipitque
910 2559 1058 2621 ruentes3

275 2687 435 2750 Demens!
449 2685 506 2770 qui
516 2684 671 2753 Rutulum
682 2683 717 2747 in
728 2683 835 2750 medio
848 2705 916 2748 non
927 2685 1055 2770 agmine
1066 2707 1175 2771 regem

275 2822 402 2889 Viderit
414 2821 666 2908 irrumpentem,
683 2821 836 2905 ultroque
847 2821 1015 2888 incluserit
1024 2825 1117 2901 urbi,

274 2963 450 3024 Immunem
462 2958 564 3022 veluti
575 2979 694 3043 pecora
705 2957 792 3022 inter
803 2959 921 3023 inertia
934 2960 1055 3048 tigrim.

275 3099 441 3164 Continuo
458 3120 542 3162 nova
557 3095 612 3159 lux
628 3095 729 3160 oculis
747 3097 883 3175 effulsit,
899 3113 932 3163 et
948 3121 1035 3163 arma
1128 3189 1130 3196 γ

275 3237 484 3308 Horrendum
497 3261 652 3314 sonuere3
668 3254 812 3304 tremunt
824 3239 859 3302 in
870 3238 993 3334 vertice
1005 3239 1110 3302 cristae

276 3379 482 3464 Sanguinem
500 3377 680 3465 clypeoque
696 3377 847 3442 micantia
862 3377 996 3445 fulmina
1010 3376 1130 3443 mittit·
1194 3371 1197 3378 ⁴

272 3515 460 3600 Agnoscunt
469 3515 581 3581 faciem
593 3507 729 3581 inlisum
740 3521 837 3602 atque
848 3515 1000 3579 immania
1012 3513 1158 3576 membra

273 3654 407 3718 Turbati
421 3655 528 3719 subito
544 3657 701 3721 AEneadae.
717 3660 798 3720 Tum
814 3655 979 3719 Pandarus
993 3656 1108 3740 ingens

276 3793 415 3870 Emicat,
432 3806 482 3865 et,
498 3794 612 3857 mortis
626 3771 778 3858 iraternae
791 3795 935 3859 fervidus
951 3797 1016 3871 ira,

275 3933 423 3996 Ellatur:
445 3959 459 3988 α
479 3933 551 3994 Non
566 3930 634 4002 brec
648 3932 765 3998 dotalis
781 3934 869 4019 regia
884 3935 1022 4012 Amatae,

274 4073 339 4135 Nec
354 4071 454 4136 muris
469 4069 599 4134 cohibet
614 4069 727 4154 patriis
743 4072 847 4135 media
862 4073 966 4137 Ardea
981 4076 1126 4139 Turnum
1141 4096 1159 4136 :-
1187 4089 1191 4098 ’
1234 4113 1238 4120 -
