2894 4812
295 399 359 462 260
538 391 766 458 AENEIDOS
797 391 943 454 LIBER
974 391 1033 454 xl.
1200 389 1278 437 '·⁸⁸·

292 539 425 599 Ducunt
441 547 474 596 et
488 531 610 597 Rutulo
624 529 770 617 perfusos
784 526 937 614 sanguine
952 547 1077 608 currus.

293 677 371 738 Post
384 671 524 736 bellator
534 691 652 756 equus,
667 667 779 756 positis
790 667 988 752 insignibus,
1002 665 1144 730 AEtbon¹

291 814 322 875 lt
333 812 528 897 lacrymans,
541 807 705 894 guttisque
716 805 880 870 humectat
890 803 1068 892 grandibus
1079 827 1148 869 ora.

292 950 422 1012 Hastam
432 945 485 1010 alii
496 944 682 1031 galeamque
693 944 822 1020 ferunt3
835 965 912 1008 nam
922 957 1037 1008 caetera
1047 947 1176 1014 Turnus

291 1088 404 1153 Victor
415 1085 524 1150 habet.
537 1087 618 1148 Tum
630 1098 743 1148 moesta
755 1083 895 1170 phalanx
905 1084 1084 1170 Teucrique
1097 1099 1267 1172 sequntur,

289 1224 512 1312 Tyrrhenique
527 1223 643 1299 duces,
659 1238 693 1286 st
707 1225 807 1288 versis
821 1223 962 1290 Arcades
975 1223 1083 1289 armis.

290 1371 466 1449 Postquam
478 1362 583 1427 omnis
596 1362 695 1448 longe
707 1361 861 1426 comitum
873 1379 1074 1450 processerat
1084 1364 1186 1444 ordo,

291 1499 442 1567 Substitit
452 1500 580 1576 AEncas,
594 1499 780 1584 gemituque
790 1498 859 1562 haec
870 1498 994 1564 addidit
1009 1501 1094 1566 alto:

293 1669 307 1698 a
325 1645 390 1704 Nos
403 1639 478 1703 alias
491 1637 568 1703 hinc
579 1638 619 1702 ad
630 1638 786 1725 lacrymas
796 1637 909 1702 eadem
920 1638 1054 1704 horrida
1066 1638 1145 1704 belli

289 1777 366 1839 Fata
376 1790 506 1840 vocant.
521 1774 616 1840 Salve
630 1761 787 1840 aeternum
798 1773 1043 1852 mintucius
1057 1774 1146 1840 Palla
1154 1823 1165 1854 ‚

289 1914 522 1999 AEternumque
538 1912 620 1978 vale.
635 1941 649 1972 s
667 1916 732 1978 Nee
747 1912 841 2001 plura
855 1913 989 1990 effatus,
1008 1913 1050 1977 ad
1065 1911 1147 1978 altos

289 2051 454 2116 Tendebat
469 2072 600 2127 muros,
617 2055 827 2136 gressumque
841 2049 876 2113 in
892 2063 996 2115 castra
1010 2049 1147 2152 ferebat.

332 2455 630 2536 Jamqueforatorcs
645 2447 781 2514 aderant
796 2471 836 2512 cx
851 2450 934 2549 urbe
949 2451 1063 2519 Latine
1074 2451 1103 2544 ³².

288 2589 392 2654 Velati
406 2588 503 2653 ramis
518 2587 616 2665 oleae,
636 2588 825 2674 veniamque
841 2571 1012 2674 rogantesi

290 2729 437 2817 Corpora
451 2749 512 2815 per
526 2750 656 2815 campos
669 2724 758 2790 ferro
774 2749 846 2813 quae
860 2727 927 2790 fusa
937 2729 1091 2812 jacebant

287 2868 469 2944 Redderes,
483 2889 520 2930 ac
535 2864 662 2930 tumulo
677 2865 798 2928 sineret
812 2865 985 2929 succedere
1000 2881 1113 2945 terrem

289 3005 420 3070 Nullum
434 3025 507 3069 cum
524 3003 618 3084 uictis
633 3017 798 3070 certamen
812 3018 845 3068 et
859 3004 984 3070 ethere
994 3007 1106 3083 cassis3

289 3147 441 3208 Parceret
452 3142 635 3230 hospitibus
644 3142 810 3228 quondam
824 3143 1009 3230 socerisque
1024 3144 1156 3216 vocatis.

290 3284 381 3365 Quos
391 3271 498 3345 bonus
509 3281 639 3356 AEneas,
652 3277 738 3342 baud
749 3278 950 3366 aspernanda
959 3295 1150 3367 precantes,

288 3419 502 3506 Prosequitur
518 3408 630 3496 venia,
645 3433 679 3481 et
692 3419 801 3482 verbis
813 3417 881 3486 haec
896 3417 1031 3506 insuper
1044 3417 1134 3484 addit
1144 3415 1155 3484 a

291 3587 306 3616 a
320 3561 475 3641 Quaenam
489 3577 547 3619 vos
561 3570 653 3618 tanto
668 3554 801 3618 fortuna
814 3554 968 3644 indigna,
984 3557 1109 3636 Latini,

287 3693 452 3784 Implicuit
465 3691 574 3776 bellu,
591 3693 649 3780 qui
660 3715 721 3760 nos
735 3693 865 3781 fugiatis
877 3694 1019 3762 amicos?

288 3837 406 3898 Pacem
417 3853 470 3895 mc
481 3829 636 3895 exanimis
644 3847 678 3895 et
689 3831 800 3896 Martis
809 3847 898 3898 sorte
909 3833 1086 3921 perempti·

290 3971 417 4049 Oratis3
433 3967 582 4057 equidem
598 3987 630 4034 et
645 3973 726 4038 vivis
740 3971 920 4038 concedere
938 3971 1068 4042 vellem.
