2924 4808
477 645 769 766 LIBER
825 643 1033 804 vm.

303 1192 344 1254 Ut
358 1187 436 1252 belli
446 1188 573 1274 signum
585 1187 737 1250 Laurenti
746 1181 874 1251 Turnus
885 1189 927 1251 ab
942 1211 1015 1253 arce

259 1328 399 1404 Extulit,
414 1343 447 1390 et
458 1349 557 1390 rauco
570 1341 781 1414 strepuerunt
793 1349 915 1390 cornua
931 1342 1047 1405 cantu,
1091 1295 1093 1300 Ι

209 1475 212 1482 “
257 1474 364 1556 thue
376 1445 464 1534 acr'es
480 1471 642 1535 concussit
655 1483 776 1557 equos,
794 1471 893 1556 utqu'e
904 1463 1033 1558 impulit
1043 1475 1148 1546 arma;

257 1610 429 1696 Extemplo
443 1610 563 1673 turbati
573 1603 695 1687 'animi3
709 1608 803 1672 simul
819 1632 916 1674 omne
930 1609 1070 1674 tumultu

257 1750 338 1832 Conj
344 1764 415 1812 urat
427 1749 557 1835 trepido
570 1747 694 1814 [atium
705 1733 881 1833 ,taeiitque
891 1745 1047 1831 juventus

255 1888 373 1952 Effera.
389 1890 550 1949 Ductores
565 1885 681 1971 primi,
700 1889 877 1972 Messapus,
892 1900 925 1947 et
936 1885 1052 1964 UfenS,

257 2007 540 2110 Coritemptorque
554 2024 651 2087 deum
663 2025 858 2101 Mezentius,
878 2023 1023 2109 undique
1037 2039 1159 2111 cogunt

255 2163 399 2240 Auxilia,
418 2177 451 2225 et
461 2160 543 2226 latos
559 2173 683 2226 vastant
695 2160 877 2226 cultoribus
891 2184 1001 2247 agros.

254 3058 395 3124 Mittitur
409 3073 443 3121 et
453 3058 562 3143 magni
573 3057 716 3121 Venulus
727 3058 893 3123 Diomedis
908 3059 950 3124 ad
965 3061 1100 3138 urben,

256 3196 321 3280 Qui
332 3211 423 3283 petet
434 3193 587 3258 auxilium
599 3241 608 3274 ,
622 3209 655 3258 et
668 3171 759 3259 Latio
772 3197 947 3262 consistere
959 3199 1118 3274 Teucros,
1207 3161 1209 3168 Α

257 3333 437 3398 Αάνεοιωῃ
449 3335 571 3395 AEnean
583 3330 691 3410 classi,
706 3333 874 3420 victosque
888 3338 1025 3398 Penates

253 3472 397 3547 Inferre‚
413 3485 446 3532 et
462 3471 534 3534 satis
545 3493 655 3556 regem
670 3494 704 3534 se
717 3470 825 3535 dicere
836 3471 946 3558 posci,

255 3608 415 3684 Edoceat,
431 3607 611 3693 multusque
624 3609 695 3673 viro
708 3632 741 3672 se
753 3609 930 3697 adjungere
942 3623 1056 3696 gentes

253 3744 437 3822 Dardanio,
452 3758 485 3807 et
496 3743 561 3808 late
576 3746 667 3810 Latio
684 3747 926 3812 increbrescere
942 3770 1063 3812 nornen
1079 3772 1086 3810 z

254 3883 343 3969 Quid
357 3897 460 3946 struat
473 3882 523 3946 his
536 3883 668 3969 coeptis,
682 3907 800 3970 quem,
818 3885 843 3947 si
854 3885 987 3951 fortuna
998 3899 1163 3971 sequatur,

253 4028 412 4089 Euentum
421 4044 538 4109 pugne
550 4021 675 4108 cupiat,
689 4021 886 4088 manifestius
897 4024 974 4111 ipsi,
