2924 4808
280 400 326 459 ⁴se
511 374 1035 457 AEuuluosulssuuvlil.
1172 387 1263 447 aee

284 533 474 616 Pulveream
488 530 627 607 nubem,
646 545 679 592 et
691 528 852 615 fulgentes
862 533 929 592 'aere
943 545 1097 594 catervas.

287 673 356 740 Olli
369 695 430 759 per
444 671 573 747 dumos,
590 668 815 755 qua.prox,ima
829 682 913 772 meta
927 667 1070 743 viarum,

286 812 408 877 Armati
420 809 580 874 tendunt:
596 808 623 871 it
639 807 772 884 clamor,
788 822 839 884 et,
857 805 985 892 agmine
999 806 1102 883 sacto,

288 950 562 1044 Quadrupedante
575 965 704 1041 putrem
719 947 827 1018 sonitu
842 945 946 1042 quatit
959 923 1078 1038 ungula
1092 968 1252 1035 campum.

330 1693 387 1754 Est
400 1691 514 1776 ingens
528 1690 670 1776 gelidum
685 1691 776 1754 lucus
790 1675 1032 1780 propeCaeritis
1044 1711 1192 1768 amnem,

284 1827 453 1913 Religione
465 1843 594 1914 patrum
609 1828 673 1891 late
686 1850 774 1892 sacer
788 1853 796 1890 z
813 1828 956 1914 undique
966 1805 1069 1892 ¹colles

283 1957 447 2031 Inclusere
463 1967 532 2031 cavi
540 2013 550 2044 ,
567 1981 600 2029 et
614 1967 707 2052 nigra
721 1989 835 2032 nemus
848 1968 953 2032 abiete
970 1968 1117 2060 cingunt.

286 2103 417 2168 Silvano
432 2103 514 2166 fauna
529 2118 577 2166 est
591 2117 717 2167 veteres
731 2125 867 2167 sacrasse
882 2103 1053 2189 Pelasgos,

283 2247 445 2308 Arvorum
461 2243 650 2329 pecorisque
665 2242 746 2318 deo,
763 2242 936 2328 lucumque
949 2242 1117 2328 diemque,

286 2385 352 2467 Qui
365 2384 463 2472 primi
476 2383 556 2448 fines
569 2383 742 2470 aliquando
757 2385 898 2451 habuere
914 2387 1053 2450 latinos.
1119 2399 1122 2404 '

285 2521 379 2584 Haud
393 2522 509 2608 procul
523 2522 599 2588 hinc
614 2523 739 2588 Tarcho
755 2540 788 2588 et
802 2525 962 2611 Tyrrheni
976 2542 1046 2590 tuta
1061 2528 1218 2592 tenebam

286 2657 397 2720 Castra
411 2657 508 2742 locis;
526 2629 676 2746 celsoque
691 2663 796 2726 omnis
809 2664 850 2728 de
866 2663 949 2734 colle
962 2625 1069 2729 videri

283 2802 356 2863 Jam
371 2812 501 2884 poterat
514 2796 619 2884 legio,
637 2813 670 2862 et
685 2799 757 2863 latis
770 2801 925 2866 tendebat
937 2801 973 2866 in
987 2803 1083 2868 arvis.
1167 2879 1170 2888 1

284 2935 355 2996 Huc
369 2947 462 3019 pater
473 2935 590 3032 ¹AEneas
603 2948 636 2996 et
651 2933 739 2998 bello
753 2934 836 2998 lecta
846 2938 1002 3020 juventus

284 3070 486 3148 Succedunt,
503 3070 642 3154 fessique
657 3085 690 3134 et
705 3092 805 3156 equos
820 3088 1005 3162 et'corpora
1019 3095 1144 3143 curant.

328 3486 371 3546 Αι
385 3487 493 3549 Venus
508 3486 658 3551 aetherios
672 3489 759 3555 inter
774 3489 833 3554 dea
849 3492 984 3556 candida
998 3493 1125 3558 nimbos

284 3622 380 3683 Dona
396 3620 502 3684 ferens
517 3623 649 3688 aderat:
666 3643 842 3714 natumque
857 3629 891 3692 in
906 3629 989 3693 valle
1004 3595 1138 3695 reducta

285 3762 328 3822 Ut
343 3759 457 3845 procul
472 3761 597 3845 egelido
612 3783 771 3831 secretum
787 3767 919 3832 flumine
934 3768 1033 3846 vidit,
1056 3729 1058 3734 V

285 3895 413 3960 Talibus
426 3897 520 3990 affata
534 3900 707 3988 estdictis,
724 3927 822 3989 seque
838 3869 958 3990 obtulit
973 3907 1080 3978 ultro:

285 4041 332 4102 En
347 4039 488 4124 perfecta
502 4040 565 4104 mei
578 4043 732 4126 promissa
749 4043 894 4129 conjugis
908 4062 993 4109 arte.
1104 4073 1108 4100 .-
