2952 4812
321 401 384 464 tto
561 396 791 459 AENEIDOS
822 397 967 456 mutu
992 395 1074 457 Xll.
1217 396 1306 456 v·9³t·

319 537 471 600 Anchises
484 535 632 621 genitor)
643 582 651 612 ,
665 536 772 598 Dauni
785 535 936 598 miserere
948 547 1101 607 senectoe3

319 677 360 736 Et
375 695 444 748 me,
462 693 518 735 seu
530 693 648 758 corpus
659 670 833 757 spoliatum
847 669 968 733 lumine
981 669 1095 747 mavis,

319 808 430 873 Redde
444 808 534 871 meis.
553 807 678 884 Vicisti,
697 823 730 870 et
745 807 867 872 victum
879 805 1014 870 tendere
1025 805 1145 891 palmas

320 946 453 1012 Ausonii
463 946 588 1010 videre:
605 960 659 1008 tua
676 958 725 1007 est
737 944 866 1009 Lavinia
882 945 1013 1026 conjux.

319 1085 460 1150 Ulterius
471 1107 514 1148 ne
528 1083 626 1148 tende
640 1082 733 1146 odiis.
753 1111 768 1139 u
785 1083 883 1146 Stetit
894 1103 968 1145 acer
978 1082 1014 1144 in
1025 1082 1121 1144 armis

320 1229 451 1303 AEneas,
465 1225 598 1290 volvens
610 1223 740 1300 oculos,
756 1223 967 1309 dextramque
979 1226 1150 1310 repressitt

322 1369 362 1428 Et
373 1367 440 1449 jam
450 1366 581 1449 jamque
592 1353 709 1448 magis,
724 1377 931 1426 cunctantem
944 1361 1075 1426 flectere
1088 1385 1195 1426 sermo

323 1504 474 1589 Coeperat
482 1547 492 1578 ‚
500 1500 616 1590 infelix
624 1500 761 1564 humero
773 1523 874 1587 quum
885 1501 1033 1587 apparuit
1043 1501 1108 1565 alto

323 1640 469 1719 Balteus,
488 1639 619 1703 etnotis
629 1637 789 1710 fulserunt
805 1639 931 1726 cingula
946 1640 1043 1704 bullis

323 1776 477 1840 Pallantis
490 1777 601 1864 pueri;
618 1777 739 1840 rictum
754 1798 851 1861 quem
862 1777 997 1841 vulnere
1012 1781 1139 1841 Tmnus'

326 1920 511 1995 Statuerat,
526 1931 623 2004 atque
634 1917 776 1982 humeris
786 1916 951 1980 inimicum
961 1917 1086 2003 insigne
1097 1917 1240 2002 gerebat.

371 2811 446 2890 Ille,
465 2808 566 2876 oculis
577 2825 750 2900 postquam
763 2814 837 2877 saevi
847 2813 1058 2877 monumenta
1069 2812 1196 2877 doloris

328 2951 528 3036 Exuviasque
539 2950 663 3030 hausit,
679 2952 773 3016 furiis
787 2974 955 3030 accensus,
970 2967 1003 3015 et
1014 2953 1062 3015 ira

326 3090 492 3171 Terribilis
505 3115 514 3153 ε
529 3117 544 3149 ι
558 3095 649 3156 Tune
659 3092 737 3169 hinc
747 3093 857 3180 spoliis
868 3093 981 3158 indute
993 3115 1140 3157 meorum

327 3230 471 3316 Eripiare
483 3227 585 3294 mihi?
600 3229 705 3293 Pallas
719 3246 752 3294 te
764 3230 827 3294 hoc
839 3230 993 3308 vulnere,
1007 3228 1111 3294 Pallas

328 3366 494 3446 Immolat‚
507 3383 540 3432 et
551 3389 680 3455 poenam
691 3367 847 3432 scelerato
862 3391 901 3432 ex
912 3371 1066 3456 sauguine
1081 3369 1195 3433 sumit.
1216 3398 1230 3427 a

330 3503 399 3566 Hoc
411 3502 521 3567 dicens
534 3549 543 3581 ,
558 3504 680 3569 ferrum
692 3505 826 3570 adverso
838 3507 897 3570 sub
909 3523 1042 3595 pectore
1053 3506 1167 3571 condit

329 3639 494 3705 Fervidus.
509 3643 565 3705 Ast
579 3641 626 3705 itti
637 3643 809 3707 solvuntur
819 3643 941 3730 frigore
952 3646 1116 3722 membra,

328 3777 466 3863 Vitaque
477 3797 551 3840 cum
564 3779 686 3862 gemitu
700 3779 784 3866 fugit
795 3780 961 3867 indignata
972 3783 1032 3846 sub
1044 3782 1191 3846 umbrae.
